4524 5858
275 2354 498 2525 Antequam
527 2445 569 2510 ad
596 2444 639 2527 id,
669 2444 758 2525 quod
779 2445 998 2511 tractandum
1019 2445 1100 2510 mihi
1122 2445 1289 2527 proposui,
1312 2445 1483 2528 accedam,
1505 2463 1615 2527 pauca
1638 2445 1713 2511 volo
1735 2445 1777 2511 do
1798 2415 1989 2527 sententiis,

276 2577 361 2640 quas
394 2561 428 2626 in
459 2561 535 2643 ipsa
567 2564 691 2627 natura
722 2561 878 2627 infinitivi
908 2562 1147 2642 investiganda
1175 2564 1310 2628 veteres
1339 2562 1552 2643 grammatici
1583 2562 1783 2644 habuerunt,
1812 2562 1955 2643 praefari.
1971 2563 1990 2627 ¹)

275 2677 359 2743 Turn
391 2677 536 2759 primum
569 2678 905 2745 animadvertendum
938 2680 994 2745 est
1022 2678 1262 2760 grammaticos
1291 2678 1431 2745 Latinos
1455 2696 1530 2760 quae
1553 2677 1595 2744 de
1616 2678 1680 2743 hac
1701 2695 1738 2744 re
1760 2679 1901 2744 tradunt
1923 2694 1989 2743 non

274 2793 367 2876 ipsos
388 2794 560 2860 invenisse
582 2795 644 2860 sed
665 2795 856 2876 sumpsisse
878 2812 899 2860 a
921 2793 1058 2861 Graecis.
1103 2794 1260 2861 Ceterum
1281 2796 1316 2861 in
1338 2812 1415 2861 earn
1436 2794 1726 2876 interpretandam
1749 2796 1785 2861 et
1802 2794 1989 2876 philosophi

275 2913 311 2977 ot
336 2910 549 2992 grammatici
575 2911 733 2977 certatim
755 2911 886 2977 animos
909 2910 1106 2994 defixerunt,
1129 2912 1276 2977 maxime
1298 2912 1524 2993 exquirentes,
1547 2911 1600 2977 oui
1622 2912 1712 2993 parti
1734 2910 1895 2976 orationis
1919 2909 1988 2975 infi-

274 3027 402 3093 nitivus
424 3027 471 3092 sit
493 3027 729 3109 assignandus.

375 3143 589 3227 Aristoteles,
623 3144 672 3210 vir
700 3143 756 3210 ille
781 3143 1000 3224 doctissimus
1023 3147 1127 3225 atque
1149 3143 1409 3226 eruditissimus,
1431 3144 1466 3208 in
1488 3143 1578 3210 omni
1600 3143 1752 3209 scientiae
1774 3160 1896 3224 genere
1918 3159 1989 3208 ver-

275 3263 374 3325 satus
404 3260 509 3327 otiam
540 3260 663 3341 linguae
684 3260 937 3341 investigationi
959 3277 1095 3342 operam
1118 3260 1211 3327 dedit
1233 3263 1268 3327 et
1290 3277 1396 3326 novas
1419 3260 1493 3326 vias
1515 3259 1690 3326 hterarum
1712 3259 1892 3340 cognitioni
1914 3276 1989 3340 ape·

273 3377 351 3458 ruit,
374 3393 442 3458 qua
462 3394 499 3443 re
520 3393 720 3458 progressus
743 3377 816 3442 eius
838 3377 987 3443 maximo
1008 3377 1210 3442 sublevavit.
1254 3376 1394 3442 Summo
1416 3375 1539 3457 stadie,
1561 3379 1601 3443 ut
1620 3376 1758 3458 scimus,
1775 3375 1988 3456 disceptatio·

274 3492 327 3557 nis
359 3492 448 3558 illius
481 3493 643 3574 analogiae
676 3495 713 3560 et
741 3493 917 3559 anomaliae
939 3493 1110 3575 particeps
1132 3492 1196 3558 fuit
1218 3495 1254 3559 et
1275 3493 1404 3574 primus
1427 3491 1577 3559 ostendit
1599 3492 1823 3558 differentiam
1845 3508 1987 3557 casuum

273 3609 362 3675 inter
393 3625 431 3675 se
463 3613 566 3691 atque
599 3627 823 3678 numerorum.
874 3611 917 3675 Et
943 3609 1107 3692 imprimis
1130 3611 1173 3675 ad
1195 3609 1360 3676 vocabula
1381 3609 1568 3689 generatim
1591 3609 1822 3690 describenda,
1845 3609 1888 3673 ad
1911 3625 1987 3673 eam

273 3729 407 3808 partem
438 3725 560 3807 liuguae
592 3728 882 3810 perscmtationis,
917 3744 992 3808 quae
1022 3729 1078 3793 est
1106 3727 1148 3793 de
1174 3726 1357 3808 vocabulis,
1379 3725 1467 3791 illius
1490 3742 1592 3807 opera
1614 3727 1650 3790 et
1671 3724 1785 3791 studio
1807 3725 1987 3806 plurimum

274 3842 433 3909 effectum
455 3846 519 3910 ost.
571 3843 698 3910 Verum
718 3844 799 3910 illud
821 3844 956 3925 quidem
979 3847 1042 3926 est,
1065 3844 1284 3910 Aristotelem
1308 3841 1402 3927 ὄνομα
1425 3846 1461 3909 ot
1479 3843 1565 3928 ῥῆμα
1588 3842 1688 3907 nimis
1710 3841 1849 3923 infinite,
1873 3857 1987 3922 quam-

273 3977 376 4042 quam
398 3959 519 4026 melius
541 3976 644 4041 quam
665 3960 802 4042 priores,
825 3961 972 4044 defluus,
994 3963 1034 4027 ut
1056 3960 1097 4042 de
1120 3961 1322 4042 quibusdam
1344 3960 1498 4043 partibus
1520 3959 1692 4041 orationis,
1708 3975 1794 4039 quas
1811 3959 1989 4038 ignorabat

273 4077 478 4144 Aristoteles
504 4076 566 4143 ssd
588 4093 650 4143 nos
672 4077 830 4143 subtilius
852 4077 940 4144 inter
962 4093 1000 4143 se
1023 4077 1271 4160 distinguimus,
1293 4078 1460 4143 incertum
1482 4076 1538 4158 sit,
1562 4075 1605 4141 ad
1627 4078 1741 4141 utram
1762 4077 1895 4157 partem
1917 4074 1988 4139 sint

273 4193 462 4275 referenda;
494 4192 555 4259 sed
589 4192 631 4258 do
663 4210 712 4276 eo,
740 4193 828 4274 quod
858 4194 993 4260 nomino
1014 4192 1170 4259 infinitivi
1191 4194 1333 4259 Romani
1357 4192 1581 4275 appellabant,
1605 4191 1751 4256 dubitari
1773 4208 1839 4256 non
1861 4192 1985 4271 potest.

273 4310 329 4374 Ad
346 4311 431 4396 ῥῆμα
454 4311 544 4376 onim
564 4309 768 4375 infinitivum
789 4309 1001 4376 referendum
1024 4327 1101 4377 esse
1124 4327 1166 4376 ex
1187 4311 1251 4375 hac
1265 4309 1462 4376 Aristotelis
1478 4307 1701 4374 definitiono’)
1717 4306 1814 4372 facile
1830 4308 1985 4388 apparet:

269 4426 356 4512 ῥῆμα
387 4425 423 4488 δέ
453 4426 518 4489 ἐστι
551 4427 586 4489 τὸ
620 4429 838 4512 προςσημαῖνον
865 4426 987 4516 χρόνον,
1021 4424 1057 4489 οὔ
1080 4425 1179 4511 μέρος
1198 4424 1288 4489 οὐδὲν,
1307 4423 1566 4512 σημαίνειχωρίς,
1589 4423 1638 4486 καὶ
1660 4419 1740 4485 ἔστιν
1763 4416 1809 4485 oei
1833 4426 1894 4484 τῶν
1915 4420 1985 4484 rud’

273 4542 382 4628 ἑτέρου
405 4542 577 4627 λεγομένων
598 4546 730 4632 σημεῖον.

373 4660 477 4726 Stoici
499 4663 656 4729 auctores
678 4663 761 4728 sunt
782 4662 830 4727 rei
851 4660 1094 4742 grammaticae.
1137 4660 1341 4726 Aristoteles
1365 4662 1481 4726 autem
1504 4657 1650 4723 maxime
1671 4655 1784 4722 studio
1801 4655 1986 4720 dialecticae

274 4794 314 4843 ac
335 4777 552 4859 philosophiae
575 4777 743 4845 adductus
764 4777 887 4859 linguae
909 4793 1052 4858 operam·
1069 4775 1162 4843 dedit
1183 4793 1291 4857 neque
1314 4776 1398 4841 artis
1419 4774 1649 4856 grammaticae
1665 4772 1843 4838 scientiam
1857 4771 1985 4852 habuit,

380 4964 399 5021 ¹)
419 4955 469 5009 cfr
486 4955 573 5023 Jolly,
592 4955 757 5009 (ioschiohte
776 4954 823 5008 des
843 4953 984 5006 Iuiiniiivs
1003 4953 1040 5005 im
1060 4952 1347 5022 Iudogormunischon,
1367 4951 1506 5005 Miirichen
1528 4953 1604 5007 illiti,
1624 4968 1685 5019 pag.
1705 4950 1814 5001 lin-lu.

379 5044 399 5111 ⁹)
418 5042 504 5113 Jolly,
522 5058 585 5113 pag.
606 5045 647 5097 13.
