4524 5858
1067 412 1205 476 -6..

273 562 450 642 geniarum
481 561 582 627 huius
603 562 698 628 verbi
718 561 902 627 formarum
924 579 990 628 usu
1011 561 1189 644 frequenti,
1212 579 1298 642 quus
1321 564 1356 628 et
1378 578 1456 627 cum
1477 561 1534 627 int.
1557 562 1755 628 coniunctus
1778 565 1813 630 et
1835 563 1920 628 alies
1942 579 1989 628 re·

272 661 372 742 periri
393 665 513 728 notum
535 664 600 744 est,
622 661 700 728 vide
720 661 1036 742 Engelbrechtum.¹i

371 760 475 826 Andr.
498 761 561 827 270
586 759 693 844 Npam
717 761 798 826 istuc
818 762 928 826 caueri
950 760 1131 841 quesmib
1173 758 1411 826 2778515155
1431 762 1469 825 ut
1489 777 1586 842 queas
1605 761 1699 842 ferre.
1742 761 1805 826 394
1829 759 1900 824 tibi
1919 761 1991 825 iure

271 861 371 925 irasci
402 879 465 926 uon
495 863 597 942 queat.
640 861 703 926 589
734 861 927 942 Numquam
959 861 1040 926 istuc
1070 860 1162 941 quiui
1192 876 1246 942 epo
1273 859 1454 942 inteltepere.
1498 861 1561 925 654
1582 857 1818 925 8555555155
1840 861 1866 924 te
1886 860 1991 940 quiuit

271 959 362 1025 bodie
375 978 488 1042 cepere.
531 959 657 1027 Heaut.
674 961 735 1025 453
756 960 948 1041 Numquam
962 961 1098 1040 aufferre
1112 960 1180 1023 eius
1193 962 1342 1040 sumptus
1356 963 1457 1040 55551.
1501 960 1563 1024 544
1579 959 1725 1024 Tolerare
1738 959 1829 1025 ilices
1841 962 1990 1040 sumptus

271 1078 333 1125 555
354 1063 455 1142 queat.
499 1060 630 1127 Phorm.
654 1061 716 1125 489
736 1060 810 1125 Nau
831 1077 907 1142 queo
929 1064 955 1125 te
976 1076 1118 1125 5555555.
1162 1060 1223 1125 498
1244 1058 1352 1139 Neque
1366 1057 1588 1124 misericorder
1601 1076 1697 1140 meque
1709 1059 1854 1140 precium
1869 1059 1990 1123 molliri

272 1176 378 1241 55555.
421 1158 504 1227 Η55.
529 1160 588 1224 183
609 1159 684 1224 Nou
704 1160 774 1241 quit
787 1161 870 1242 pati.
914 1161 976 1227 673
1000 1159 1113 1224 Tacere
1133 1174 1196 1223 555
1216 1174 1301 1239 queo.
1344 1158 1408 1224 Ad.
1431 1159 1493 1224 613
1514 1157 1638 1223 Pecurre
1658 1158 1740 1223 uitii
1757 1158 1989 1223 meteremueiii

271 1260 348 1341 quit.
393 1261 453 1326 737
476 1275 527 1340 55.
549 1257 587 1325 Si
607 1277 722 1341 queam
742 1263 878 1325 muctare.
904 1296 940 1304 —
964 1259 1047 1325 Eun.
1072 1258 1129 1325 181
1152 1257 1221 1340 Npo
1242 1258 1416 1339 impetrare
1429 1273 1560 1338 nequeo
1574 1256 1629 1322 boe
1642 1258 1700 1324 555
1715 1260 1750 1323 te.
1789 1258 1850 1324 547
1865 1257 1990 1339 Nequeo

271 1359 353 1424 satie
372 1359 494 1424 mirari
514 1376 610 1441 55555
630 1360 772 1424 conicere.
805 1359 864 1425 661
888 1358 1013 1440 Nequeo
1033 1358 1154 1424 mirari
1174 1358 1263 1423 eatis.
1296 1357 1421 1423 Hesut.
1441 1357 1504 1422 320
1524 1355 1626 1422 Nuim
1639 1375 1714 1423 uero
1727 1357 1853 1422 reticere
1866 1374 1988 1439 nequeo.

272 1458 404 1525 Phorm.
427 1459 489 1524 240
520 1459 574 1523 Itu
598 1477 673 1524 555
694 1460 855 1538 imitatum,
878 1461 1028 1524 abimum
1047 1461 1085 1522 ui
1104 1476 1257 1540 nequeam
1278 1457 1323 1521 ad
1343 1456 1545 1538 eopimudum
1566 1458 1736 1524 instituere.
1781 1458 1843 1523 512
1864 1457 1990 1538 Nequeo

272 1575 404 1624 exarare
436 1561 474 1622 ut
498 1576 549 1624 me
576 1561 714 1625 moueat.
757 1558 840 1625 Heo.
863 1560 922 1624 361
947 1557 1070 1640 Nequeo
1090 1575 1239 1623 meamem
1260 1575 1371 1623 55555
1392 1558 1522 1621 iuitium
1542 1558 1646 1622 ulium
1668 1559 1811 1623 iuruuire
1831 1557 1988 1623 idoneum.

273 1659 336 1725 575
369 1674 419 1739 55.
453 1656 561 1724 Simul
591 1676 702 1725 uereor
729 1658 940 1741 Pamphilum
961 1677 1000 1725 ue
1021 1661 1113 1724 orata
1133 1661 1244 1723 uestra
1263 1659 1395 1739 nequeat
1414 1657 1537 1723 diuidua
1557 1658 1666 1724 celare.
1709 1659 1771 1724 645
1792 1674 1843 1738 sq.
1865 1657 1990 1739 Nequeo

271 1758 591 1840 5555...55515555“.
635 1757 699 1825 Ad.
722 1760 785 1825 374
805 1757 931 1840 Nequeo
950 1758 1073 1823 mirari
1093 1758 1183 1824 satis.
1227 1758 1290 1823 520
1310 1755 1343 1821 N
1363 1757 1435 1822 tecto
1455 1760 1586 1839 nequeat
1599 1775 1738 1840 surpere.
1782 1757 1845 1823 544
1865 1757 1990 1839 Nequeo
2058 1767 2064 1781 ·

271 1858 352 1922 satis
373 1857 543 1924 5555555.

232 1991 235 1997 -
372 1957 497 2024 Η5555.
522 1958 583 2024 196
614 1956 675 2038 Qui
694 1957 743 2022 uti
764 1958 841 2040 seit,
862 1957 891 2022 ei
912 1957 1000 2023 5555.
1043 1955 1176 2023 Phorm.
1200 1957 1241 2022 79
1261 1954 1356 2021 Scisti
1376 1956 1425 2021 uti
1444 1955 1522 2039 faro.
1548 1993 1582 2001 -
1607 1954 1671 2022 Ad.
1696 1958 1735 2022 77
1756 1954 1913 2021 Fateatur
1935 1972 1988 2022 ne·

273 2055 361 2123 scire
383 2057 544 2140 imperare
565 2057 681 2123 tiberis.
725 2056 1242 2123 220155555555515555155.
1621 2067 1624 2072 ·

599 2192 624 2266 i)
647 2187 780 2256 Verba
800 2189 1043 2273 voluntatis,
1069 2187 1212 2273 studii,
1239 2187 1518 2256 constituendi
1538 2187 1655 2254 simil.

373 2304 478 2371 Andr.
501 2306 562 2372 505
584 2306 696 2388 Itaque
715 2305 816 2372 hercle
836 2306 918 2371 uitii
938 2306 1008 2371 iam
1028 2306 1160 2370 muttire
1179 2305 1296 2372 audeo.
1339 2304 1401 2371 013
1425 2303 1495 2384 drea
1508 2303 1648 2369 5555515
1662 2303 1697 2369 id
1711 2303 1813 2387 fucere
1827 2303 1988 2369 55555557

272 2403 354 2470 Eun.
377 2406 440 2471 618
461 2423 512 2487 sq.
534 2407 593 2472 uu
613 2408 756 2471 mutique
776 2407 875 2472 irasci
895 2425 992 2487 55555
1011 2424 1127 2490 mpure
1147 2405 1273 2471 audere.
1316 2406 1379 2470 644
1399 2403 1518 2469 Hecim
1540 2407 1608 2469 tam
1621 2403 1735 2469 arcdecc
1747 2404 1874 2487 suanus
1886 2404 1989 2487 faeere
2039 2398 2048 2414 ’

272 2521 336 2569 esee
360 2509 496 2570 cusum!
538 2508 600 2572 659
628 2506 711 2587 Quid
731 2507 775 2572 sit
794 2506 891 2571 aridei
910 2507 1020 2572 dicere.
1063 2507 1125 2572 903
1147 2523 1198 2586 sq.
1220 2504 1328 2585 Neque
1343 2505 1400 2586 poi
1420 2504 1619 2569 55555555
1642 2505 1697 2569 tibi
1717 2506 1888 2586 quicqumm
1909 2505 1989 2570 dare

272 2605 390 2671 ausim
438 2607 517 2671 1045
548 2622 599 2687 55.
631 2606 772 2671 iitumue
793 2656 802 2672 .
825 2655 833 2672 .
857 2654 865 2672 .
886 2624 931 2671 au
952 2623 1002 2671 me
1023 2607 1079 2687 qui
1100 2606 1136 2670 id
1156 2622 1258 2670 ausus
1278 2605 1342 2669 dm
1363 2605 1507 2685 iuapcre,
1530 2621 1574 2669 55
1594 2605 1760 2686 fortunam
1780 2604 1988 2670 5551555557

272 2703 397 2770 Heeut.
421 2706 482 2771 156
505 2705 574 2771 Tibi
595 2706 678 2772 illest
697 2705 820 2771 medere
840 2723 951 2772 ausus.
995 2707 1056 2771 575
1077 2705 1277 2787 depremere
1297 2704 1406 2768 muuia
1427 2721 1500 2769 mea
1520 2704 1646 2784 5555115,
1673 2703 1816 2786 Clitipho,
1838 2703 1987 2769 audeam.

272 2804 334 2869 623
367 2821 417 2884 55.
449 2804 603 2870 Primum
634 2806 689 2870 155
718 2809 744 2870 te
765 2823 827 2885 ero,
849 2805 966 2887 ueqrdd
986 2805 1098 2870 credas
1119 2822 1170 2870 me
1190 2804 1366 2869 aduersum
1387 2802 1524 2868 edictum
1547 2806 1632 2868 tuom
1651 2805 1754 2886 facere
1775 2821 1839 2869 esse
1859 2821 1986 2869 aueum.

272 2903 334 2967 925
362 2919 414 2984 55.
442 2904 511 2969 Fue
530 2908 567 2970 ut
587 2905 704 2970 audeat
725 2906 780 2970 tibi
800 2905 923 2970 eredere
944 2905 1061 2971 munia.
1105 2905 1167 2970 353
1188 2903 1330 2968 Auderet
1348 2903 1451 2986 facere
1471 2903 1545 2969 irae.
1589 2903 1721 2971 Phorm.
1745 2904 1806 2969 758
1826 2903 1989 2968 Nummium

272 3019 345 3083 quoe
374 3020 438 3069 555
468 3004 589 3070 audeas
616 3008 733 3088 optare.
777 3003 860 3072 Heo.
882 3005 943 3071 295
965 3005 1155 3086 Numquam
1178 3021 1279 3070 ausus
1299 3020 1374 3068 eum
1394 3019 1551 3070 reamare.
1594 3002 1905 3068 562155555555
1924 3020 1989 3068 esee

272 3119 390 3168 ausam
409 3103 512 3186 faeere
532 3104 607 3171 bac.
650 3105 715 3171 Ad.
738 3105 799 3172 567
820 3103 963 3187 Refertae
983 3121 1045 3170 555
1065 3103 1234 3170 audebam.

372 3201 521 3285 Simplici
549 3205 652 3272 verbo
681 3201 870 3271 cernendi
898 3203 989 3271 nullo
1016 3204 1106 3285 apud
1128 3203 1200 3270 Ter.
1222 3203 1294 3270 loeo
1315 3202 1502 3268 infinitivus
1524 3200 1709 3268 subiicitur.
1754 3201 1987 3284 compositum

273 3303 390 3368 sutem
420 3302 636 3371 decernere
664 3306 794 3371 exstat:
826 3303 931 3369 Andr.
955 3303 1016 3369 219
1040 3302 1201 3384 Quidquid
1215 3303 1396 3384 peperisset,
1420 3301 1643 3368 decreuerunt
1665 3301 1777 3367 toliere.
1820 3301 1902 3367 Heo.
1926 3302 1988 3366 454

276 3399 404 3466 Gerizim
425 3403 590 3484 offirmtum
611 3407 657 3469 eet
675 3404 767 3469 uiam
788 3420 839 3468 me
860 3421 959 3483 quam
981 3403 1105 3467 decreui
1119 3403 1278 3485 persequi.
1335 3401 1526 3479 [Decretum
1559 3402 1628 3466 est:
1659 3400 1784 3468 Heaut.
1807 3403 1869 3467 392
1896 3400 1988 3467 Uobie

272 3518 346 3565 cum
366 3520 430 3567 555
450 3504 544 3568 sauci
564 3504 619 3568 ubi
639 3506 764 3569 515155
784 3520 877 3584 apere
897 3503 1085 3568 decreturust
1103 3503 1184 3568 uiro.
1229 3503 1290 3568 465
1311 3501 1508 3566 narremur
1528 3500 1634 3577 (milri)
1650 3501 1746 3583 pati]

372 3601 477 3668 Andr.
504 3604 566 3668 343
593 3602 719 3670 Cessas
744 3602 896 3683 adloquii
938 3602 1000 3668 845
1026 3601 1115 3668 Oeseo
1135 3602 1287 3683 55155517
1328 3601 1411 3666 Eun.
1434 3601 1495 3666 265
1517 3616 1573 3681 55.
1591 3599 1645 3666 Set
1664 3617 1717 3683 epo
1737 3618 1819 3666 cesso
1839 3600 1884 3666 ad
1907 3600 1987 3665 Tira

273 3699 358 3764 idem
386 3700 468 3766 bam
495 3702 643 3767 deducere
663 3705 692 3767 et
712 3720 824 3785 repere
845 3700 890 3767 ad
910 3719 1019 3767 aeuum
1041 3705 1078 3766 ut
1096 3703 1225 3767 ueniat?
1267 3703 1329 3766 996
1354 3699 1443 3765 Cesso
1462 3700 1523 3764 truc
1544 3701 1628 3766 iutro
1647 3702 1819 3782 rumpere?
1861 3698 1986 3766 Heaut.

274 3800 336 3865 410
360 3799 450 3867 Cesso
463 3802 597 3883 putum
617 3803 754 3866 ostium?
798 3803 858 3867 757
883 3801 973 3866 05555
993 3801 1076 3867 bum
1096 3801 1244 3867 aderiti?
1285 3799 1417 3866 Phorm.
1440 3800 1502 3865 252
1523 3798 1586 3865 Sed
1606 3799 1685 3882 quid
1705 3818 1808 3866 555555
1828 3799 1987 3865 tremimm

273 3898 365 3964 adire
386 3904 416 3965 et
438 3901 550 3966 5155515
571 3902 606 3966 iu
620 3902 784 3983 priuapio
803 3901 955 3983 aebpur
991 3903 1053 3967 285
1074 3901 1137 3967 Sed
1158 3919 1239 3967 cesso
1259 3899 1352 3965 adire
1367 3901 1627 3982 quamprimum
1641 3902 1769 3965 semem?
1801 3902 1863 3966 377
1883 3898 1986 3965 idem·

273 4017 373 4081 quam
404 4003 540 4066 cessauit
569 4000 671 4066 dicere
691 4002 790 4068 iradie
833 4003 894 4067 475
920 4001 1075 4067 Ρ755155
1095 4001 1185 4067 bared
1205 4001 1341 4066 uesauu
1353 4018 1418 4082 pro
1440 4004 1466 4064 u
1487 4001 1570 4066 miti.
1614 4000 1696 4066 Hec.
1718 4002 1781 4066 324
1805 3999 1988 4066 05551555

273 4101 321 4164 ire
342 4101 449 4166 15557
491 4102 554 4166 544
574 4101 700 4168 Eadem
721 4121 786 4167 cese
807 4101 889 4166 mittit
910 4103 1073 4166 ceceauieti
1093 4121 1192 4184 usque
1213 4101 1327 4166 adime.
1370 4100 1435 4166 Ad.
1457 4101 1520 4166 320
1541 4099 1604 4165 Sed
1624 4119 1706 4166 cesso
1727 4119 1819 4166 eram
1833 4100 1888 4166 icoc
1901 4100 1988 4166 mula

273 4201 436 4283 impertiri
460 4205 620 4284 propere?
663 4204 725 4269 586
756 4202 820 4267 Sed
845 4220 926 4267 ceeeo
952 4203 997 4267 ad
1017 4221 1090 4267 cum
1105 4204 1262 4285 perpere?
1306 4202 1366 4266 712
1388 4199 1451 4266 Sed
1472 4218 1554 4266 cesso
1574 4202 1621 4265 ire
1642 4201 1748 4266 iutro?
1790 4201 1852 4266 916
1876 4199 1988 4267 ousae

273 4301 321 4364 ire
353 4320 391 4365 ae
421 4304 546 4385 faceret
578 4339 617 4348 -
650 4303 846 4384 Saepissime
878 4302 979 4384 igitur
1011 4301 1385 4384 ininterrogationibus
1407 4304 1619 4384 usurpatum,
1644 4299 1800 4382 “quibus“
1827 4337 1859 4347 -
1884 4301 1989 4368 verba

274 4399 399 4466 Holtzii
411 4402 432 4467 ³)
454 4401 562 4468 refero
589 4439 620 4448 -
646 4400 720 4482 “qui
742 4403 929 4483 interrogat
950 4420 1016 4469 555
1039 4402 1073 4468 10
1096 4403 1183 4484 quod
1199 4402 1309 4469 nescit
1323 4401 1529 4483 sciscitatur,
1545 4401 1606 4467 sed
1622 4451 1629 4467 .
1645 4449 1653 4465 .
1671 4451 1678 4467 .
1694 4401 1986 4482 reprehensionem

275 4501 328 4566 vel
350 4502 459 4568 simile
481 4502 640 4582 quiddam
663 4499 845 4584 exprimit“.
1243 4506 1245 4511 ’

381 4653 401 4721 ¹)
424 4653 539 4707 »Studia
552 4654 730 4707 Terent-innui
747 4652 857 4723 scripsit
871 4653 943 4723 Aug.
954 4652 1038 4708 Godi.
1050 4651 1241 4723 Engolbreeht.
1270 4650 1444 4705 Vindobonae
1460 4650 1761 4717 MDCCGLXXXIII,
1776 4652 1799 4705 I:
1810 4669 1872 4721 pag.
1883 4651 1918 4705 28
1926 4666 1985 4720 sqq.

381 4741 401 4809 ⁹)
421 4741 515 4795 Verba
539 4758 645 4812 posse,
664 4742 768 4811 quire,
788 4741 927 4811 nequire
945 4758 1007 4794 cum
1027 4741 1172 4794 infinitivis
1191 4740 1293 4811 passivi
1312 4740 1495 4794 5551555155
1512 4741 1609 4810 priscis
1629 4740 1809 4811 scriptoribus
1828 4748 1856 4795 et
1874 4739 1986 4811 quibus·

274 4829 337 4884 dam
364 4846 457 4884 eorrrru
483 4830 669 4883 imitatoribus
694 4831 876 4900 posteriorum
899 4835 1013 4883 aetatum
1036 4830 1146 4900 passive
1164 4828 1302 4883 interdum
1321 4829 1449 4898 usurpari
1469 4829 1535 4881 satis
1554 4828 1682 4883 omnibus
1702 4836 1807 4882 notum.
1843 4827 1986 4883 Terentius

273 4917 346 4973 huno
364 4919 496 4973 sermonis
516 4919 741 4974 cousuetudinem
761 4919 843 4972 semel
862 4918 998 4989 sequitur:
1018 4917 1087 4972 Hoc.
1108 4916 1159 4970 572
1179 4917 1282 4970 Forma
1303 4916 1465 4971 15155555
1484 4917 1563 4970 nesci
1579 4934 1635 4970 555
1653 4918 1730 4986 quita
1748 4923 1793 4971 est.

380 5011 401 5077 ⁸)
421 5009 488 5078 Peg.
507 5008 567 5062 242.
