4524 5858
1177 413 1334 476 „22-

393 565 499 645 ipsum
532 564 647 645 epredi.
691 567 752 630 428
784 562 846 629 Sed
880 562 1084 643 Pamphilum
1115 565 1223 643 ipsum
1253 565 1345 628 uideo
1377 570 1466 630 stare
1498 569 1571 630 ante
1594 563 1721 629 ostiam.
1765 567 1826 630 597
1854 562 1951 631 Uidea
1973 584 2021 629 me
2041 585 2111 630 esse

392 665 544 728 inuisam.
588 666 649 730 622
681 664 744 731 Sed
775 662 867 728 uideo
901 660 1100 744 Phidippum
1128 662 1235 745 epredi
1253 682 1313 743 per
1336 668 1466 745 tempus.
1510 667 1572 731 686
1594 663 1784 745 Ademptam
1804 663 1887 729 hanc
1907 683 2026 747 auoque
2050 663 2110 728 tihi

391 782 523 828 causam
550 763 650 828 uides.
696 766 755 830 691
779 780 830 844 sq.
855 762 897 827 Te
917 761 1096 827 reuolutum
1117 761 1216 827 denuo
1238 762 1329 828 uideo
1350 782 1429 828 esse.
1473 766 1535 830 714
1556 763 1737 829 Abhorrere
1758 764 1901 828 animum
1922 764 1996 828 huic
2017 763 2111 829 uideo

391 883 414 926 a
444 863 579 944 nuptiis.
633 865 695 930 854
722 862 785 930 Sed
816 861 1009 927 Bacchidem
1041 881 1144 927 eccam
1162 861 1255 927 uideo
1275 866 1364 927 sture
1386 868 1460 928 ante
1482 867 1608 928 ostium.
1652 864 1716 932 nd.
1739 866 1781 929 94
1802 880 1853 944 sq.
1877 863 1952 929 Non
1964 863 2111 945 fratrem

391 962 479 1027 uidet
510 964 560 1027 rei
591 962 670 1027 dare
702 982 840 1046 operam
871 963 945 1025 ruri
975 980 1044 1026 esse
1070 981 1208 1042 parcum
1240 982 1278 1026 ac
1305 962 1470 1028 sobrium?
1513 965 1573 1030 361
1603 961 1655 1028 fiet
1675 982 1779 1028 eccum
1800 963 1916 1045 Syrum
1938 964 1986 1028 ire
2008 963 2110 1029 uideo.

393 1065 456 1128 444
478 1080 529 1143 sq.
552 1061 662 1125 Huius
682 1063 809 1145 pencris
831 1061 989 1143 reliquias
1010 1070 1134 1126 restare
1155 1061 1256 1127 uideo.
1299 1066 1361 1129 668
1383 1081 1433 1144 sq.
1456 1063 1552 1128 Hanc
1572 1063 1637 1127 sihi
1658 1062 1779 1127 uidebit
1795 1083 1943 1145 prasens
1957 1064 2111 1144 prasenti

392 1164 486 1244 eripi,
513 1161 628 1227 abduci
655 1162 695 1226 ai
723 1161 834 1227 oculis.
878 1164 940 1228 826
965 1165 1040 1242 Qua
1061 1182 1116 1239 epo
1138 1162 1243 1227 inesse
1263 1163 1299 1227 in
1321 1162 1392 1227 77778
1414 1163 1514 1227 uideo.
1558 1166 1618 1229 827
1641 1179 1692 1243 sq.
1722 1160 1819 1229 Uidea
1839 1182 1892 1227 eos
1914 1182 2037 1245 capere,
2060 1163 2110 1229 in·

392 1261 544 1344 teiiepera
576 1262 613 1326 in
646 1261 709 1326 ioco
740 1262 856 1337 uereri,
891 1263 976 1326 inter
1001 1280 1036 1326 se
1058 1280 1177 1326 amare.
1221 1263 1283 1327 918
1304 1279 1355 1343 sq.
1379 1266 1421 1328 Pe
1442 1262 1534 1328 uideo
1555 1268 1673 1329 nostroe
1687 1261 1833 1346 familia
1856 1266 1920 1327 tum
1942 1263 2110 1329 exanimo

384 1361 514 1444 factum
535 1360 616 1426 neiie
628 1361 658 1427 ¹).

491 1463 595 1528 Andr.
621 1464 659 1528 15
681 1460 724 1526 17
744 1462 804 1526 isti
825 1463 1022 1545 8118881811
1036 1460 1174 1543 factum.

492 1563 662 1629 Dioiioncs
692 1581 767 1643 quae
796 1564 889 1629 verbi
918 1564 1089 1629 notionem
1115 1562 1256 1627 habent:
1279 1561 1384 1626 Andr.
1407 1563 1468 1626 572
1491 1560 1581 1625 18188
1604 1562 1755 1627 animum
1775 1562 1908 1627 induxti
1930 1580 1998 1626 esse
2020 1561 2109 1626 utile.

392 1664 454 1728 883
480 1680 530 1743 sq.
561 1661 618 1725 Ita
639 1665 781 1728 animum
803 1662 932 1727 induxti
955 1669 1047 1738 tuom,
1071 1661 1155 1743 quod
1176 1680 1305 1742 cuperes
1326 1661 1435 1742 atiquo
1451 1665 1548 1742 pacto
1569 1661 1775 1743 officiandum
1798 1662 1858 1726 tihi
1880 1668 1922 1741 (V.
1946 1679 2021 1744 pag.
2047 1664 2109 1739 29).

392 1762 517 1829 Η8881.
539 1763 578 1827 41
601 1759 741 1827 Causam
762 1761 844 1828 hanc
865 1764 986 1826 iustam
1007 1780 1075 1826 esse
1096 1760 1240 1824 animum
1261 1760 1409 1826 inducite.
1451 1760 1532 1827 Hoc.
1557 1762 1618 1827 264
1647 1759 1763 1826 Omnia
1784 1780 1853 1826 esse
1874 1769 1909 1824 ut
1931 1762 2014 1826 dicis
2036 1765 2111 1827 ani·

392 1881 477 1926 mum
508 1862 632 1927 induco.
675 1865 736 1928 277
770 1880 820 1943 sq.
854 1869 896 1941 (v.
918 1879 994 1945 pag.
1018 1864 1078 1939 29).
1122 1861 1187 1926 Ad.
1210 1862 1271 1926 597
1294 1859 1478 1942 Numquam
1501 1866 1529 1925 18
1550 1860 1649 1924 aiiter
1670 1865 1765 1943 atque
1786 1880 1820 1925 es
1841 1862 1943 1927 esse¹i
1966 1862 2108 1926 animum

393 1963 508 2025 induci
542 1982 652 2027 meum
690 2000 722 2009 —
759 1963 840 2029 Hec.
875 1965 936 2028 292
968 1960 1993 2043 688788881,8881888898887888881888188818681111
2017 1966 2109 2026 tuom.

393 2061 516 2129 Heaut.
541 2065 581 2129 49
604 2069 660 2142 t:
681 2063 763 2130 Hoc.
787 2065 838 2139 50)
862 2061 948 2127 Eum
968 2081 1037 2126 esse
1058 2065 1214 2144 aucesium
1235 2061 1271 2124 in
1293 2062 1435 2126 animum
1456 2060 1572 2126 induci
1585 2079 1778 2125 uraaumum.
1821 2062 1870 2128 De
1885 2061 2011 2129 Η8881.
2030 2063 2110 2128 1028

393 2179 443 2242 sq.
470 2180 502 2228 v.
529 2179 604 2245 pag.
628 2165 678 2228 29.
706 2199 737 2209 -
762 2161 844 2228 Hsc.
867 2163 927 2228 831
951 2178 1001 2242 sq.
1025 2159 1140 2226 Indest
1163 2160 1307 2242 cognitio
1329 2159 1422 2227 18818
1447 2159 1670 2225 Philumenam
1690 2179 1902 2242 compressam
1923 2180 1993 2226 esse
2013 2162 2054 2225 ah
2076 2181 2110 2226 eo

392 2268 422 2325 et
446 2260 557 2343 fitium
578 2263 651 2326 inde
671 2261 753 2326 hunc
775 2268 894 2325 natam.
923 2299 955 2308 -
981 2261 1063 2329 Hoc.
1086 2263 1147 2327 392
1171 2259 1344 2324 Parturire
1365 2281 1435 2324 eam
1455 2279 1510 2325 nec
1529 2259 1703 2341 prauidam
1723 2279 1793 2325 esse
1813 2280 1853 2325 eu
1874 2265 1903 2326 te
1925 2260 2014 2326 soius
2036 2279 2110 2329 con·

393 2363 485 2427 scius
518 2367 588 2442 (88).
636 2363 701 2429 Α6.
734 2364 796 2427 348
828 2379 878 2443 sq.
911 2359 1047 2426 Conscia
1077 2360 1158 2425 mihi
1179 2379 1250 2424 sam
1271 2380 1292 2423 a
1314 2380 1361 2424 me
1382 2358 1509 2441 cuipam
1529 2377 1599 2424 esse
1619 2359 1701 2425 hanc
1720 2359 1833 2442 procul
1853 2381 1950 2442 neque
1968 2361 2110 2442 pretium

392 2482 574 2543 nequirem
595 2461 697 2526 utiam
720 2463 939 2527 intercessisse
960 2461 1021 2525 iiia
1043 2465 1100 2525 aut
1122 2480 1169 2524 me
1192 2459 1366 2542 indipnam.
1394 2498 1425 2506 -
1451 2459 1555 2525 Andr.
1579 2462 1640 2525 223
1662 2477 1712 2541 sq.
1737 2458 1791 2524 Ibi
1806 2466 1873 2524 tum
1887 2461 2110 2526 hanceiectam

400 2560 570 2643 Chrysidis
596 2569 725 2642 patrem
756 2562 913 2643 recepisse
944 2560 1064 2643 ocham,
1091 2580 1233 2642 paruam
1265 2559 1424 2626 18881881.
1457 2597 1488 2607 —-
1515 2559 1639 2626 Η8881.
1662 2562 1722 2626 571
1745 2560 1801 2625 Ad
1821 2559 1902 2624 mihi
1922 2561 2007 2628 11688
2029 2564 2111 2642 aput

393 2660 474 2725 hunc
506 2665 570 2729 881
591 2661 676 2726 nihii
695 2682 743 2727 me
765 2663 864 2726 istius
878 2666 1058 2743 facturum.
1101 2661 1184 2727 Eun.
1210 2662 1291 2726 1060
1311 2660 1365 2727 Do
1381 2659 1481 2742 fidem
1493 2659 1657 2741 suiurum.
1700 2659 1782 2727 Hco.
1809 2662 1888 2727 1012
1910 2678 1961 2742 sq.
1977 2661 2016 2728 Si
2030 2659 2111 2724 mihi

387 2761 487 2843 fidem
517 2761 578 2825 das
613 2767 641 2825 18
675 2763 858 2840 tacituram,
891 2761 1004 2826 dicam.
1047 2762 1129 2828 Eun.
1165 2763 1224 2827 139
1256 2760 1294 2827 Si
1320 2759 1419 2842 fidem
1451 2760 1601 2826 11811881
1622 2778 1656 2824 88
1677 2760 1724 2824 iri
1740 2763 1955 2842 prepositum
1978 2760 2046 2825 tihi.
2074 2799 2107 2808 —

393 2861 518 2929 Η8881.
542 2865 604 2928 892
626 2879 676 2943 sq.
699 2862 860 2930 Iniecisse
881 2863 986 2929 uerba
1009 2860 1068 2924 tihi
1090 2858 1281 2926 Dromonem
1302 2859 1424 2925 scilicet
1445 2879 1570 2941 sponsa
1591 2864 1709 2924 uestem
1730 2880 1845 2925 aarum
1861 2864 1955 2941 atque
1969 2859 2110 2925 ancilias

393 2980 471 3041 opus
493 2980 577 3026 esse..
598 2999 629 3007 —
655 2962 736 3029 Η88.
760 2965 821 3029 697
843 2963 937 3028 Dabo
958 2963 1012 3028 188
1033 2961 1213 3028 1818868111
1234 2959 1318 3025 nihii
1338 2979 1407 3024 esse
1429 2960 1565 3025 istorum
1586 2960 1675 3024 mihi.
1718 2961 1783 3027 Ad.
1803 2963 1862 3028 166
1878 2959 2111 3025 Iusiurandum

393 3059 523 3124 dabitur
557 3066 586 3126 te
618 3080 686 3127 esse
718 3061 885 3145 indipnum
917 3062 1041 3126 iniuria
1073 3061 1141 3124 hac.
1172 3060 1360 3126 -Ρ1181111,
1387 3058 2109 3144 1688.1887171888888811111881185881,

393 3161 429 3224 in
462 3160 562 3225 medio
595 3159 739 3226 omnihus
766 3160 911 3244 palmam
937 3179 1005 3226 esse
1022 3161 1166 3241 positam
1188 3166 1230 3239 (v.
1253 3177 1329 3244 pag.
1353 3161 1414 3236 29).
1442 3196 1473 3206 -
1499 3160 1604 3226 Andr.
1630 3160 1690 3226 185
1712 3160 1821 3225 Meum
1842 3164 1975 3243 quatum
1996 3177 2110 3226 rumor

394 3263 458 3327 881
490 3279 609 3325 amare.
653 3261 777 3329 Heaut.
813 3264 851 3328 16
883 3278 933 3342 sq.
962 3259 1119 3326 Rumores
1146 3261 1395 3327 distulerunt
1417 3258 1567 3324 maieuoii
1587 3259 1708 3323 multas
1731 3259 1853 3341 (iiiam)
1876 3261 2110 3325 contaminasse

395 3362 536 3425 dracas.
578 3360 661 3427 Hoc.
698 3363 738 3427 39
771 3379 821 3442 sq.
855 3359 979 3426 Rumor
1011 3362 1105 3428 uenit
1137 3360 1247 3425 datum
1279 3361 1326 3424 iri
1350 3359 1559 3442 pladiatores.
1586 3396 1618 3406 —
1644 3359 1769 3427 Η8881.
1792 3362 1854 3426 298
1876 3359 2034 3442 Mapnurn
2054 3358 2110 3424 hoc

393 3480 512 3542 quoque
539 3462 711 3543 signumst
739 3461 899 3526 dominam
924 3467 1109 3526 essecestra
1130 3460 1270 3526 noriam.
1298 3497 1329 3505 -
1355 3458 1479 3526 Η8881.
1502 3461 1562 3524 981
1585 3460 1657 3524 Est
1679 3477 1759 3542 spes
1775 3506 1783 3522 .
1802 3506 1809 3521 .
1827 3507 1834 3522 .
1849 3479 1908 3525 nos
1929 3461 2110 3524 esurituros

393 3562 487 3624 satis.
531 3560 663 3627 Phorm.
685 3563 745 3627 691
769 3579 819 3643 sq.
842 3561 998 3629 Iniecta
1025 3563 1088 3628 881
1109 3579 1183 3641 spes
1200 3560 1295 3641 patri
1311 3579 1409 3640 posse
1431 3559 1524 3624 iiiam
1545 3559 1683 3623 eutrudi.
1711 3576 1742 3605 ὲ
1770 3559 1852 3627 Η88.
1874 3562 1935 3626 577
1958 3577 2008 3641 sq.
2034 3559 2108 3625 Non

393 3659 476 3725 ciam
506 3680 554 3725 me
586 3664 643 3741 est,
672 3665 770 3742 puato
802 3662 856 3742 mi,
889 3661 950 3727 tibi
983 3679 1038 3728 me
1064 3679 1142 3728 8888
1164 3663 1371 3744 suspectam,
1393 3678 1523 3724 oaorem
1545 3662 1634 3722 tuam
1649 3664 1783 3741 propter
1804 3679 1889 3725 meos
1910 3678 2013 3724 mores
2034 3660 2109 3725 hine

394 3760 509 3825 abisse.
554 3760 637 3827 Eun.
670 3761 733 3826 514
764 3777 815 3842 sq.
848 3759 922 3824 Iam
954 3766 1020 3825 tum
1042 3764 1116 3827 8181
1137 3760 1285 3844 suspIcio
1307 3759 1377 3826 dolo
1398 3758 1482 3824 maio
1504 3757 1569 3822 hac
1583 3759 1663 3841 fieri
1684 3760 1801 3825 omnia.
1828 3796 1860 3806 -
1886 3760 1950 3827 nd.
1974 3761 2035 3826 203
2057 3777 2107 3840 sq.

394 3859 514 3927 Testes
536 3859 639 3928 188181
661 3861 735 3925 iiico
755 3859 939 3925 uendidisse
959 3880 1017 3926 me.

493 3995 591 4058 naua.
617 3996 635 4057 1.
679 3994 759 4058 Ace.
783 4011 811 4060 c.
832 3993 890 4059 ini.
914 3997 1015 4060 8181
1037 3994 1159 4073 (Suent
1182 3992 1387 4068 “hurusom“)
1410 3991 1519 4060 881881
1540 3994 1720 4059 coniuncta
1741 3996 1837 4059 suni:
1860 3993 1941 4061 Hoc.
1960 3996 2019 4060 145
2035 4012 2108 4076 sqq.

395 4092 587 4175 Narratque,
615 4097 652 4156 ut
681 4093 773 4176 uirao
798 4092 839 4157 ab
859 4114 892 4157 se
912 4094 1038 4177 intepra
1058 4093 1155 4157 etiam
1178 4099 1248 4157 tum
1269 4093 1336 4173 siet,
1355 4112 1448 4175 seqare
1468 4096 1542 4155 ante
1559 4143 1564 4154 .
1584 4143 1590 4155 .
1610 4143 1616 4155 .
1633 4112 1775 4175 sperasse
1796 4112 1848 4156 eas
1871 4094 2001 4157 tolerare
2017 4114 2110 4177 posse

393 4192 536 4276 niiptias.
583 4193 642 4271 [De
663 4194 727 4258 hac
748 4194 841 4259 vocis
863 4197 907 4259 81
928 4193 962 4258 vi
983 4193 1060 4259 vide
1081 4193 1144 4260 lox.
1168 4193 1262 4260 Cau:
1285 4191 1375 4276 α1111,
1397 4193 1490 4276 I‚1‚b.]

495 4293 550 4358 afr
572 4293 675 4358 Andr.
699 4294 740 4358 35
762 4309 835 4374 sqq.
858 4293 888 4355 A
904 4293 1044 4376 panau
1065 4299 1125 4356 ut.
1146 4344 1152 4357 .
1172 4344 1178 4357 .
1195 4293 1330 4356 clemens
1350 4292 1451 4375 fuerit
1472 4291 1622 4374 seruitus,
1643 4292 1714 4356 scis.

502 4569 521 4631 ¹)
541 4561 584 4615 an
603 4561 636 4615 iis
655 4578 716 4632 quae
734 4560 820 4615 allata
838 4566 904 4615 sunt
923 4560 1054 4631 exemplis
1072 4560 1224 4631 intelligere
1241 4561 1305 4616 linet
1324 4578 1379 4616 nce.
1398 4579 1462 4617 cum
1480 4562 1530 4617 inf.
1550 4561 1689 4616 interdum
1708 4560 1791 4616 verbo
1806 4560 1915 4616 videndi
1931 4561 2109 4616 subiunctmn

395 4668 461 4714 csso,
489 4649 537 4703 ubi
566 4649 662 4719 partic.
690 4666 770 4719 praes.
798 4648 833 4702 nd
862 4665 916 4702 occ.
945 4647 1045 4703 obiecti
1072 4666 1101 4702 se
1120 4649 1262 4719 applicans
1281 4656 1439 4720 exspectare
1457 4651 1554 4720 possis.
1592 4650 1692 4703 Part-ic.
1712 4666 1791 4720 praes.
1809 4649 1853 4703 his
1872 4649 1939 4704 Iocis
1957 4650 2108 4704 invenitur:

395 4738 481 4791 Andr.
501 4737 554 4792 838
577 4737 646 4791 (hau
666 4737 743 4790 Dauo
762 4742 860 4805 epomet
880 4737 942 4790 8167
959 4736 1113 4805 iurpauicnc
1132 4738 1272 4792 ancillam.
1310 4738 1381 4792 Eun.
1401 4740 1452 4793 967
1473 4738 1540 4792 Ecce
1558 4744 1649 4791 aretem
1667 4738 1745 4791 criden
1763 4756 1827 4792 rurc
1846 4739 1993 4792 redeuutem
2011 4756 2108 4791 senene.

395 4826 506 4880 Phonn.
526 4826 577 4880 607
599 4825 651 4878 Sed
664 4831 794 4894 pruinam
811 4825 890 4878 iudeo
909 4842 972 4878 curu
986 4831 1065 4893 patre
1083 4826 1241 4880 adstantem.
1279 4826 1348 4881 Hoc.
1369 4827 1421 4882 550
1444 4827 1500 4891 Orci
1516 4827 1619 4879 18711888
1637 4843 1698 4878 eum
1716 4826 2109 4880 (778818118811818888178178

394 4920 499 4969 cuntem
517 4914 554 4967 ad
570 4914 700 4967 amicam.
737 4914 790 4969 806
808 4930 848 4984 sq.
868 4913 1031 4967 Bacchidem
1048 4914 1081 4967 ah
1099 4919 1190 4967 nostro
1209 4915 1300 4982 adferre
1317 4920 1453 4969 exercretenc
1470 4914 1557 4968 878188.

501 5019 522 5083 1)
542 5018 667 5073 Codices:
688 5018 728 5072 in.
766 5017 839 5072 vido
858 5018 983 5072 Dziatzk.
1004 5017 1132 5073 adhunc
1151 5017 1250 5072 locum.
