4524 5858
1056 408 1214 470 „21-

373 560 478 625 Andr.
503 560 562 626 173
584 560 708 625 Dauom
729 560 817 625 moda
839 561 943 625 timere
964 561 1067 627 sensi.
1111 559 1184 626 cer.
1206 577 1257 626 ex.
1280 559 1410 625 omitto.
1432 595 1463 606 -
1482 558 1587 625 Andr.
1603 561 1665 625 839
1685 559 1736 625 Me
1755 559 1865 625 adase
1884 560 1993 623 neuter

277 664 340 725 trun
372 664 610 742 praesenserat.
650 696 682 706 -
718 659 843 726 Heaut.
867 661 925 726 471
950 676 1001 740 sq.
1034 658 1198 726 Subsensi
1226 659 1262 723 id
1287 658 1573 740 promittendi
1592 676 1666 738 enee,
1688 659 1724 725 id
1745 677 1837 741 apere
1858 659 1940 722 inter
1961 676 1994 724 ee

273 760 451 825 clanculum
472 765 515 837 (v.
538 776 614 841 pag.
638 760 700 834 29).

372 858 477 923 Andr.
501 860 562 924 472
595 858 691 924 Hanc
711 857 875 924 simulent
890 875 1019 940 parere.
1063 857 1145 924 Hea.
1169 858 1231 923 184
1251 856 1391 923 Simulat
1409 876 1442 924 ee
1463 858 1507 923 ad
1530 860 1661 923 matrem
1682 860 1808 925 arraei.
1854 859 1914 923 188
1935 857 1992 922 Ae·

270 978 365 1041 pram
396 975 460 1022 enee
491 958 646 1023 eirnutaut
675 957 845 1023 nrutierem.
900 959 962 1023 826
992 956 1053 1022 au
1073 958 1159 1022 aliae
1180 975 1231 1022 ree
1252 975 1344 1039 apere
1364 976 1397 1023 ee
1417 958 1579 1023 eirurrtare.
1607 995 1638 1005 -
1664 958 1769 1024 Andr.
1793 959 1855 1024 735
1881 957 1994 1023 Uenire

272 1077 320 1123 rue
342 1057 563 1124 adsimulabo
607 1057 731 1124 Heaui.
755 1059 817 1122 332
839 1075 889 1138 sq.
912 1057 1190 1123 Adsimulabimus
1212 1061 1298 1122 tuam
1320 1059 1453 1123 amicam
1475 1058 1572 1122 dorius
1593 1075 1657 1123 ecoe
1677 1059 1820 1124 amicam.
1855 1060 1917 1124 358
1931 1056 1994 1123 Sed

272 1158 376 1223 istum
405 1174 502 1222 naara
533 1160 570 1221 ut
600 1175 692 1222 aram
724 1174 788 1223 ecee
809 1157 986 1223 adcumulet.
1029 1158 1161 1223 Phorm.
1184 1159 1246 1224 893
1270 1157 1335 1238 Quo
1355 1176 1402 1222 me
1422 1157 1658 1224 οάεἱοιεείονανν
1679 1159 1727 1223 ire
1747 1159 1793 1223 ad
1813 1160 1992 1237 marauna,

273 1275 337 1322 non
357 1274 398 1322 eo.

374 1356 438 1421 Ad.
462 1356 523 1421 724
546 1372 596 1435 sq.
623 1355 730 1420 Tude
745 1355 891 1437 poetata
911 1374 958 1420 me
979 1355 1130 1422 somnias
1152 1374 1253 1439 apere.

374 1472 479 1538 Andr.
504 1473 564 1538 167
596 1471 700 1554 Spero
732 1473 862 1553 censore.
917 1474 978 1538 407
1015 1471 1191 1537 Orationem
1223 1475 1332 1555 operm
1356 1474 1514 1539 inuenieee
1532 1492 1576 1540 ee.
1620 1475 1682 1539 522
1704 1473 1804 1555 Spera
1825 1474 1994 1539 adiuturos

275 1571 355 1636 deoc.
398 1573 482 1637 Eun.
506 1573 567 1637 203
589 1588 639 1651 sq.
662 1572 711 1635 Me
732 1573 800 1636 ciue
820 1590 912 1653 opero
932 1574 1066 1654 fratrem
1081 1573 1310 1655 propemodum
1330 1574 1396 1637 iam
1417 1574 1602 1656 repperssce.
1646 1575 1708 1639 872
1723 1591 1774 1654 sq.
1792 1573 1892 1656 Spero
1907 1576 1992 1638 arer-

275 1691 350 1737 nam
372 1673 456 1736 rnur
475 1689 532 1736 noa
551 1672 693 1753 pratiam
713 1671 788 1753 [ονε.
842 1670 967 1738 Heaut.
992 1674 1053 1738 746
1077 1671 1228 1756 Sperabit
1246 1677 1406 1755 cumptum
1426 1674 1488 1738 ribi
1508 1691 1603 1739 aenea·
1625 1674 1763 1738 tamtam
1784 1692 1849 1740 ecee
1870 1674 1995 1739 harunc

274 1773 372 1837 atrita.
416 1770 547 1837 Phorm.
572 1772 652 1837 1025
677 1770 759 1851 outa
774 1771 851 1835 mitri
865 1770 916 1835 iric
929 1771 1047 1854 adsere,
1063 1790 1160 1853 quam
1173 1773 1209 1837 ab
1223 1790 1290 1836 rem
1305 1776 1501 1855 exspectem
1511 1777 1570 1839 aut
1583 1792 1704 1855 sperem
1712 1792 1814 1855 porro
1827 1791 1889 1838 uon
1903 1774 1994 1856 sare?

274 1871 356 1938 Hec.
381 1872 441 1936 155
464 1888 514 1952 sq.
536 1871 632 1936 iiiam
653 1889 744 1953 epero
760 1920 766 1935 .
784 1921 791 1936 .
808 1921 815 1936 .
831 1872 1020 1937 arditarum.
1075 1873 1136 1937 724
1160 1872 1247 1953 Quod
1267 1890 1359 1954 opero
1378 1873 1454 1955 [ονε.
1497 1875 1558 1938 872
1580 1871 1738 1955 Speroque
1753 1873 1835 1939 hana
1849 1892 1915 1938 rem
1930 1891 1995 1938 eene

273 1974 459 2035 euenturam
481 1971 569 2036 nabin
590 1989 630 2034 ea
650 1971 810 2035 sententia.
854 1971 918 2036 Ad.
943 1972 980 2036 71
1004 1969 1123 2053 Spera
1140 1973 1207 2054 [ονε
1227 1972 1318 2038 atanu
1364 1974 1424 2037 152
1445 1971 1622 2054 Sperabam
1642 1974 1708 2038 ram
1730 1973 1902 2055 deseruiree
1916 1972 1993 2037 adu·

275 2072 460 2136 teecmtiam.
502 2071 585 2136 Eun.
609 2072 671 2136 520
692 2069 809 2152 Sperat
828 2087 861 2135 ae
881 2088 904 2134 a
923 2089 972 2133 me
992 2071 1138 2137 auellere.
1181 2073 1244 2138 920
1264 2071 1364 2154 Spera
1379 2072 1562 2138 metabere.
1600 2072 1725 2139 Heaui.
1742 2074 1802 2139 102
1818 2090 1869 2153 sq.
1887 2072 1994 2137 iibine

275 2171 342 2235 trae
362 2169 485 2236 diutine
507 2171 598 2235 tieem
617 2188 731 2252 operm
751 2170 876 2252 faceret

376 2285 458 2353 Hoc.
482 2288 543 2352 476
564 2286 674 2368 Neque
696 2304 764 2351 mea
785 2286 880 2367 mtpa
900 2286 955 2350 aa
975 2285 1144 2353 dicmdiunr
1164 2288 1312 2370 mamaeae,
1335 2287 1371 2352 id
1392 2291 1501 2354 testor
1522 2288 1594 2352 deae
1616 2295 1658 2367 (v.
1681 2305 1756 2370 pag.
1781 2290 1842 2364 29).

376 2403 481 2468 Andr.
504 2404 566 2469 363
588 2419 638 2484 sq.
662 2400 755 2467 Intra
776 2402 826 2466 ire
846 2401 1000 2467 neminem
1021 2402 1127 2486 uideo,
1149 2403 1239 2469 croire
1259 2404 1420 2470 neminem.
1465 2406 1526 2470 416
1554 2403 1726 2487 Utrumque
1753 2404 1865 2469 adesse
1891 2403 1993 2469 uideo.

278 2504 338 2569 482
354 2501 469 2569 Omnia
484 2500 557 2566 truie
568 2522 637 2567 esse
651 2501 751 2567 uideo.
786 2504 848 2568 513
863 2519 913 2583 sq.
936 2499 1029 2568 Uidet
1039 2504 1172 2583 nuptias
1183 2503 1268 2569 domi
1279 2504 1449 2585 apparari.
1482 2506 1544 2571 580
1555 2503 1660 2587 Atque
1670 2523 1773 2569 seeum
1785 2503 1876 2569 uideo
1887 2505 1994 2584 ipsum

269 2607 369 2684 sarae
383 2603 480 2668 ecire.
524 2604 586 2669 616
607 2620 657 2683 sq.
689 2599 796 2669 Uiten.
809 2622 857 2667 me
878 2600 1025 2667 consiliis
1045 2603 1111 2667 tuie
1131 2602 1284 2668 miserum
1298 2602 1484 2686 impeditum
1497 2602 1589 2668 esse?
1627 2606 1687 2671 768
1708 2604 1843 2685 oneum
1856 2623 1910 2687 epo
1924 2601 1995 2668 deri

275 2701 343 2767 ridi
356 2701 402 2766 ad
413 2720 472 2767 uae
485 2701 613 2787 adferri
626 2700 777 2783 uesperi?
819 2702 902 2768 Eun.
928 2703 986 2768 132
1008 2718 1058 2783 sq.
1081 2700 1120 2766 Ie
1141 2700 1196 2767 ubi
1216 2721 1285 2768 eree
1305 2702 1387 2769 trane
1405 2703 1514 2783 forma
1536 2703 1623 2770 uidet
1643 2703 1775 2769 honesta
1788 2703 1948 2785 uirainem
1964 2706 1995 2767 et

269 2801 394 2885 fidibus
416 2803 508 2866 seire.
542 2803 604 2869 260
625 2819 676 2883 sq.
698 2800 762 2867 Ille
783 2800 838 2866 nor
859 2803 958 2866 miser
970 2800 1146 2884 famelicus
1166 2802 1255 2868 uidet
1276 2801 1357 2867 mitri
1376 2822 1446 2869 ecee
1468 2807 1591 2869 tantum
1612 2801 1759 2869 donarem
1772 2808 1803 2868 et
1817 2801 1995 2885 tamsaeile

276 2903 396 2967 uictum
410 2921 561 2983 qnoerme.
599 2904 660 2968 289
683 2901 745 2967 Sed
758 2900 849 2967 uideo
863 2901 972 2967 erilem
981 2901 1091 2984 filium
1101 2901 1254 2967 minorem
1264 2901 1324 2966 huc
1334 2902 1496 2968 aduenire.
1529 2905 1591 2970 376
1606 2901 1787 2986 Numquam
1798 2902 1869 2968 uidi
1880 2901 1994 2967 meiius

276 3001 446 3068 consitium
467 3001 551 3066 dari.
595 3004 657 3068 509
680 3000 735 3066 Ita
756 3021 804 3067 me
825 3000 917 3067 uideo
937 3001 978 3066 ao
999 3020 1038 3066 ea
1058 3005 1165 3067 astute
1186 3001 1421 3074 labefactarier.
1466 3003 1527 3069 597
1543 3021 1593 3084 sq.
1613 3002 1691 3067 Tum
1704 3002 1846 3085 equidem
1860 3002 1944 3067 tetur
1959 3020 1994 3066 οε

278 3107 363 3166 tuam
384 3101 551 3183 impudens
572 3101 681 3167 uidere
700 3101 835 3167 nimium
856 3100 977 3180 uellem,
1000 3102 1056 3184 qui
1076 3106 1160 3166 eeset
1181 3105 1297 3177 etatae,
1318 3101 1517 3181 debellatum
1540 3107 1642 3168 tenere
1665 3106 1693 3167 te
1715 3103 1844 3167 aninum
1860 3106 1993 3166 tantum.

277 3204 339 3269 603
373 3200 469 3267 Uidea
497 3220 575 3267 eene.
617 3204 680 3268 918
707 3220 757 3283 sq.
787 3200 901 3267 Uirum
922 3200 1034 3266 bonnm
1055 3219 1159 3266 secum
1184 3199 1412 3266 Parmenonem
1433 3201 1575 3266 incedere
1595 3201 1696 3267 uideo.
1740 3204 1802 3268 958
1830 3200 1920 3282 Quod
1939 3219 1994 3284 epa

277 3321 447 3386 numquam
468 3301 540 3366 uidi
554 3300 642 3385 fleri.
685 3304 748 3368 960
770 3318 820 3383 sq.
849 3301 930 3381 Quis
951 3299 1040 3364 homo
1057 3321 1119 3381 pro
1140 3300 1262 3366 moecha
1284 3321 1424 3384 unquam
1444 3300 1530 3366 uidit
1551 3302 1587 3366 in
1608 3301 1697 3368 domo
1718 3302 1901 3367 meretricia
1917 3321 1994 3382 pre·

277 3400 371 3467 hendi
403 3400 612 3484 quemquam?
659 3404 737 3467 1015
770 3418 820 3482 sq.
860 3399 983 3468 Uectem
1015 3400 1099 3465 uidit
1130 3399 1224 3465 illam
1256 3419 1325 3465 esse
1346 3421 1416 3465 enm
1436 3401 1584 3466 indutum
1604 3407 1707 3481 pater.
1754 3403 1834 3467 1028
1863 3398 1993 3466 Utinam

279 3501 340 3564 tibi
360 3502 574 3584 cammitipari
595 3502 720 3566 uideam
741 3501 892 3566 sandalio
913 3500 1028 3582 caput!
1068 3500 1193 3568 Heaui.
1219 3501 1277 3566 125
1299 3518 1350 3581 sq.
1379 3498 1476 3567 Uidea
1497 3500 1582 3566 aiios
1595 3500 1771 3583 festinare,
1795 3501 1888 3565 tectae
1910 3505 1992 3564 ster-

278 3619 361 3676 nere,
393 3619 500 3665 cenam
532 3620 705 3682 apparare.
749 3602 811 3667 402
844 3599 944 3666 Imma
974 3604 1012 3665 ut
1042 3610 1166 3681 patrem
1201 3606 1286 3664 tuom
1317 3599 1389 3665 uidi
1420 3619 1489 3666 eene
1518 3599 1672 3683 habitum,
1695 3600 1751 3665 diu
1773 3601 1870 3665 etiarn
1891 3598 1994 3663 duras

278 3699 377 3764 daoir.
422 3702 482 3766 413
520 3699 596 3765 Ourn
627 3699 754 3764 uideam
785 3706 937 3765 miserum
967 3700 1049 3764 iruna
1081 3704 1147 3764 tam
1177 3699 1404 3764 excruciarier.
1448 3702 1508 3766 417
1535 3717 1586 3781 sq.
1614 3698 1740 3765 Filium
1765 3719 1866 3765 meum
1892 3699 1994 3763 amieo

278 3805 373 3882 atque
404 3799 522 3881 aquati
554 3819 612 3864 eno
643 3800 735 3866 uideo
765 3801 927 3865 inseruire
958 3805 988 3865 et
1019 3800 1139 3865 socium
1159 3818 1229 3865 ease
1250 3800 1285 3865 in
1306 3799 1451 3882 nepotir's.
1494 3801 1556 3866 563
1578 3817 1628 3881 sq.
1660 3797 1758 3864 Uidin
1779 3819 1833 3882 epa
1855 3803 1884 3863 te
1905 3797 1994 3865 mode

278 3920 408 3966 manum
435 3901 471 3963 in
498 3900 606 3964 einum
631 3898 704 3963 nuic
725 3901 885 3965 meretrici
906 3898 1069 3965 inserere?
1115 3901 1176 3966 754
1198 3916 1248 3981 sq.
1277 3896 1391 3965 Uerum
1412 3898 1468 3964 nbi
1488 3899 1609 3964 uidebit
1632 3904 1738 3964 tantas
1760 3898 1826 3964 rior
1847 3905 1994 3980 sumptae

279 4000 364 4066 dorni
384 3999 563 4065 cotidianos
579 3999 657 4082 fieri
677 4019 732 4065 nea
746 4000 826 4083 fieri
846 3999 978 4066 madum.
1022 4002 1083 4066 907
1112 3997 1220 4064 Clinia
1241 3999 1305 4063 trae
1320 3999 1399 4082 fieri
1419 3998 1571 4064 uidebat?
1593 4001 1659 4067 962
1677 4017 1728 4081 sq.
1747 3997 1788 4063 Τε
1801 3998 1872 4063 uidi
1887 3998 1994 4063 anime

279 4118 348 4165 eene
369 4099 487 4164 amireo
508 4103 538 4164 et
559 4100 680 4162 sunnia
701 4101 737 4165 in
752 4100 931 4181 prasentia
950 4118 1019 4183 qna
1038 4103 1143 4165 essent
1160 4100 1269 4180 prima
1287 4096 1402 4163 trabem
1416 4118 1514 4180 neque
1530 4099 1691 4164 consutme
1706 4103 1741 4163 in
1758 4097 1993 4180 lanpitudr'nem.

284 4201 362 4264 1053
390 4198 487 4265 Uidea
508 4219 571 4264 non
593 4197 686 4264 licere
706 4204 742 4264 nt
762 4218 922 4281 coeperam
943 4198 999 4265 trae
1014 4203 1210 4281 pertendere.
1253 4199 1385 4265 Phorm.
1408 4201 1429 4265 6
1450 4217 1523 4280 sqq.
1541 4199 1628 4279 (vide
1642 4198 1843 4275 “scribere“).
1886 4200 1926 4264 95
1942 4216 1993 4279 sq.

281 4297 379 4363 Mada
407 4299 568 4380 quandam
589 4297 661 4362 uidi
681 4299 841 4382 uirpinem
861 4298 913 4363 irie
934 4300 1064 4365 uicinia
1085 4300 1237 4364 mineram
1259 4317 1353 4363 enam
1373 4303 1507 4363 matrem
1530 4299 1702 4365 lamentari
1722 4305 1888 4364 mortuam.
1934 4300 1992 4363 177

288 4396 406 4464 Uidcan
433 4419 487 4482 epo
519 4400 633 4464 Getam
658 4403 834 4464 currentem
860 4399 919 4463 truc
940 4399 1115 4464 aduenire?
1159 4400 1220 4465 253
1243 4397 1429 4463 Phaedriam
1450 4399 1512 4464 mei
1524 4399 1653 4480 fratris
1674 4397 1767 4463 uideo
1782 4397 1892 4481 filium
1913 4395 1994 4462 mitu'

281 4498 330 4564 ire
362 4497 496 4564 obuiam.
540 4502 602 4567 464
639 4498 701 4564 Sed
730 4518 832 4564 eccum
864 4498 970 4581 ipsum
997 4499 1089 4565 uideo
1110 4500 1146 4564 in
1168 4497 1384 4582 temperetur
1405 4499 1607 4579 nereeipere.
1651 4501 1712 4567 569
1742 4496 1834 4563 Uidet
1854 4517 1902 4562 me
1923 4498 1993 4562 eius

281 4602 384 4662 mater
416 4617 484 4664 esce
515 4599 566 4663 irie
598 4599 730 4664 diutius.
774 4601 834 4665 795
869 4597 931 4663 Sed
960 4619 1061 4664 meum
1091 4600 1200 4664 uirum
1232 4598 1291 4663 abe
1323 4602 1352 4662 te
1373 4599 1461 4664 euire
1481 4598 1581 4664 uideo.
1624 4601 1687 4665 918
1708 4615 1781 4680 sqq.
1805 4596 1873 4665 CH.
1896 4595 1993 4661 ”rum

281 4703 386 4764 autern
407 4697 621 4780 Antiphonem
642 4699 734 4764 uideo
755 4698 796 4763 ab
816 4717 885 4763 sese
906 4699 1052 4765 amittere
1073 4700 1211 4764 inuitam
1233 4697 1320 4764 eam*
1342 4699 1444 4781 inque.
1486 4699 1551 4766 DE.
1573 4697 1651 4763 Turn
1666 4704 1771 4763 autem
1785 4697 1877 4763 uideo
1884 4697 1993 4780 fitium

281 4799 422 4864 inuitum
453 4818 531 4863 sane
562 4798 725 4864 mutierem
756 4798 797 4862 ab
829 4816 863 4863 ee
895 4800 1051 4864 amittere.
1095 4802 1157 4866 958
1187 4817 1237 4880 sq.
1267 4797 1363 4865 Uides
1385 4804 1470 4864 tuom
1485 4804 1651 4881 peccatum
1671 4817 1740 4864 esee
1760 4798 1879 4864 elatum
1892 4798 1993 4882 saras

282 4918 378 4980 neque
405 4898 472 4962 iarn
499 4896 533 4960 id
553 4897 654 4963 celare
671 4918 769 4979 passe
791 4903 819 4963 te
840 4917 969 4964 nemmem
991 4903 1088 4964 tuam.
1132 4899 1214 4968 Hoc.
1240 4900 1299 4965 126
1321 4917 1371 4979 sq.
1401 4897 1493 4965 Uidet
1509 4903 1652 4980 paratas
1673 4918 1727 4964 nee
1748 4917 1870 4963 maram
1891 4897 1993 4962 uitam

283 5001 360 5080 quin
392 4997 486 5062 ducat
518 4996 603 5060 dari.
647 4999 708 5064 250
743 4997 835 5062 Nunc
866 4998 959 5064 uideo
990 5001 1026 5064 r'n
1058 4999 1192 5063 illarum
1214 5004 1373 5080 potestate
1393 5017 1462 5064 eece
1484 5003 1522 5064 te.
1566 5000 1628 5064 352
1654 4999 1757 5081 Atque
1778 5019 1884 5064 eccum
1904 4998 1996 5065 uideo
