4524 5858
1250 1118 1319 1222 Π.

781 1353 1205 1502 Accusatore
1252 1397 1393 1503 oum
1438 1353 1788 1503 infinitivo.

532 1630 587 1696 Ad
609 1631 753 1714 piurima
773 1633 877 1697 verba
898 1633 1085 1716 causativa,
1108 1636 1147 1699 ut
1168 1651 1211 1699 ex
1232 1633 1395 1715 exemplis
1416 1632 1516 1715 panio
1539 1635 1618 1699 ante
1640 1632 1753 1699 allatis
1776 1636 1927 1716 apparet,
1950 1636 1985 1699 et
2004 1650 2141 1700 accusa·

432 1748 525 1813 tivus
547 1751 583 1815 et
603 1747 788 1814 infinitivus
810 1748 911 1813 simui
933 1766 971 1815 se
994 1749 1161 1831 applicare
1182 1755 1335 1832 possunt.
1376 1750 1474 1815 Hanc
1489 1750 1775 1817 constructionem
1789 1752 1833 1816 ab
1847 1768 1897 1833 ea,
1914 1767 1989 1831 quae
2005 1751 2138 1818 nomine

433 1865 620 1930 accusativi
642 1881 720 1930 cum
739 1865 797 1932 inf.
819 1867 929 1932 notari
951 1866 1048 1950 solet,
1070 1884 1192 1948 genere
1212 1869 1286 1950 ipso
1308 1867 1440 1934 differre
1462 1871 1497 1933 et
1519 1884 1561 1933 ex
1581 1867 1656 1950 iliis,
1679 1884 1754 1948 quae
1772 1867 1814 1933 de
1828 1870 1953 1933 natura
1967 1867 2040 1934 eius
2055 1870 2138 1932 sunt

433 1982 580 2048 breviter
601 1985 874 2065 commemorata,
908 2000 950 2049 ex
971 1985 1069 2065 parte
1090 1984 1201 2050 elucet
1222 1987 1258 2050 et
1278 2001 1351 2050 rem
1372 1984 1564 2065 diligentius
1585 1984 1878 2066 perscrutantibus
1899 1983 1997 2050 facile
2018 1988 2075 2050 est
2094 1984 2141 2049 in-

432 2099 590 2180 telligere.
644 2099 801 2166 Ceterum
829 2099 1021 2166 Kuehner¹)
1047 2136 1079 2147 -
1104 2118 1147 2167 ne
1173 2101 1215 2168 de
1242 2101 1316 2167 aliis
1338 2101 1569 2182 grammaticis
1591 2100 1698 2166 dicam
1724 2136 1755 2147 -
1781 2116 1847 2182 quo
1867 2100 1968 2167 modo
1988 2100 2077 2166 inter
2097 2117 2135 2166 ee

434 2216 591 2282 differant
613 2220 772 2282 accurate
793 2217 959 2298 exposuit.

533 2332 614 2399 Acc.
637 2350 714 2398 cum
734 2333 803 2414 ini,
824 2335 865 2398 ut
886 2332 985 2399 docet
1005 2332 1160 2399 Schmalz
1186 2371 1218 2379 —
1244 2334 1301 2414 qui
1322 2334 1412 2400 idem
1433 2333 1475 2399 de
1495 2333 1621 2413 origine
1635 2333 1734 2399 buius
1750 2333 2022 2399 conformationis
2038 2336 2142 2414 atque

434 2467 500 2516 usu
530 2449 740 2516 increscente
771 2450 1016 2530 expositionem
1049 2450 1228 2515 dilucidam
1260 2450 1364 2517 edidit
1376 2451 1397 2516 ’i
1424 2487 1455 2496 -
1481 2451 1550 2516 iam
1576 2451 1618 2516 ab
1646 2450 1891 2531 antiquissimis
1918 2449 2138 2531 scriptoribus

435 2566 624 2648 saepissime
646 2569 830 2648 usurpatur
849 2566 951 2646 idque
978 2584 1043 2633 non
1064 2566 1175 2632 solum
1197 2567 1239 2632 ab
1260 2567 1313 2649 iis,
1336 2567 1392 2647 qui
1414 2565 1551 2634 Graecos
1573 2566 1726 2633 studiose
1746 2567 1932 2649 imitantur,
1955 2566 2016 2632 sed
2038 2566 2143 2632 etiam

436 2702 458 2749 a
479 2683 616 2749 Catone.
658 2682 760 2763 Apud
782 2682 853 2748 Ter.
876 2682 1011 2763 quidem
1032 2683 1123 2749 haud
1144 2683 1263 2749 rarius.

534 2799 595 2865 Ins.
628 2817 719 2866 esee
750 2816 912 2882 persaepe,
934 2799 964 2864 si
986 2799 1114 2881 copulas
1135 2800 1246 2865 iocum
1267 2799 1406 2881 obtinet,
1429 2800 1463 2864 in
1485 2799 1790 2865 constructionibus
1812 2815 1900 2865 nom.
1922 2815 2000 2864 oum
2022 2798 2080 2864 ini.
2102 2801 2139 2864 et

437 2932 505 2982 acc.
537 2933 617 2982 cum
646 2916 703 2981 ins.
736 2916 913 2998 omittitur,
947 2915 1035 2996 quod
1067 2916 1188 2996 quibus
1219 2915 1281 2981 fiat
1309 2915 1557 2981 condicionibus
1586 2915 1747 2981 Dziatzko
1769 2915 1811 2980 ad
1833 2915 1897 2981 Ad.
1923 2916 1962 2980 13
1984 2914 2083 2981 docet
2104 2916 2140 2981 et

436 3032 626 3099 ostenditur
653 3032 801 3098 inlibris
823 3033 1129 3113 grammaticorum.
1172 3032 1254 3113 Quae
1275 3033 1526 3115 praetermissio,
1550 3035 1715 3113 quantum
1736 3032 1891 3112 equidem
1912 3032 1992 3115 scio,
2014 3031 2140 3114 saepius

437 3150 526 3232 apud
548 3150 619 3216 Ter.
641 3150 811 3216 invenitur
833 3167 936 3230 quam
958 3149 1047 3231 apud
1069 3167 1273 3230 quemquern
1295 3152 1483 3215 ceterorum
1504 3149 1715 3231 scriptorum.
1758 3148 1927 3215 Praeterea
1942 3148 2046 3214 etiam
2062 3164 2142 3228 acc,

436 3269 476 3333 ut
496 3266 584 3331 infra
604 3266 801 3348 videbimus,
824 3284 1077 3347 nonnumquam
1097 3266 1273 3332 omittitur.

536 3382 762 3463 “Ubicumque
793 3383 828 3448 in
859 3382 924 3448 hec
956 3384 1205 3449 constructione
1237 3382 1423 3448 infinitivus
1457 3383 1550 3448 verbi
1581 3381 1815 3463 impersonalis
1837 3382 1970 3464 positus
1992 3383 2047 3447 est
2069 3380 2142 3446 sine

438 3499 642 3582 accusativo,
665 3504 720 3566 est
741 3500 804 3566 hoc
825 3517 884 3581 pro
907 3517 975 3564 acc.
999 3515 1075 3565 cum
1096 3499 1153 3565 ini.
1177 3499 1416 3581 accipiendum,
1440 3500 1597 3580 quoniam
1621 3498 1859 3580 impersonalia
1876 3499 1980 3564 verba
1994 3515 2037 3564 ea
2050 3500 2142 3579 sunt,

438 3634 513 3697 quae
534 3617 725 3683 subiectum
746 3633 847 3682 suum
868 3617 902 3681 in
925 3633 964 3683 se
984 3616 1160 3682 includunt
1181 3619 1217 3681 et
1238 3614 1438 3681 continent.“
1451 3616 1471 3679 ³)

568 3885 625 4005 Α.
698 3884 827 4006 nee.
865 3920 1010 4007 eum
1048 3882 1152 4005 ini.
1189 3882 1451 4005 subiecti
1487 3881 1695 4004 locum
1734 3880 2018 4003 obtinens

1218 4086 1367 4167 iungitur

875 4237 902 4312 1)
925 4249 1022 4302 cum
1044 4234 1334 4302 locutionibus
1355 4233 1716 4314 impersonalibus

1093 4373 1124 4446 a)
1146 4385 1230 4436 ease
1250 4386 1315 4434 com
1337 4369 1500 4434 adieetbia:

539 4504 622 4569 Eun.
645 4505 685 4568 42
722 4501 793 4577 Qua
820 4522 854 4566 re
882 4521 1014 4584 aequom
1041 4507 1086 4566 est
1106 4523 1165 4566 uos
1186 4521 1365 4583 copnoscarc
1385 4507 1480 4583 atquc
1500 4502 1667 4584 &noscere
1710 4503 1772 4566 386
1793 4499 1862 4562 Hoc
1876 4498 1971 4581 patri
1990 4500 2144 4580 oequonut

440 4604 524 4687 fueri.
556 4606 616 4670 477
628 4621 678 4684 sq.
694 4602 775 4678 Quo
784 4602 919 4667 ἰὶῖενῖιιη
929 4602 1009 4666 scire
1019 4621 1144 4685 coquom
1154 4607 1200 4666 est
1209 4603 1448 4667 adulescentem.
1480 4601 1604 4668 Heaut,
1620 4603 1690 4684 203,
1707 4602 1768 4666 214
1782 4617 1833 4680 sq.
1849 4605 1891 4678 (v,
1903 4598 2091 4682 Appendix:
2104 4598 2145 4678 4),

442 4706 518 4784 419;
549 4705 681 4770 Phorm.
707 4705 766 4768 114
797 4702 906 4786 Neque
936 4724 1009 4768 aum
1042 4722 1165 4785 (equom
1203 4701 1290 4786 (csse)
1325 4701 1373 4765 aa't
1403 4701 1514 4785 facere,
1536 4703 1606 4784 203,
1630 4702 1691 4767 450
1712 4718 1762 4780 sq.
1789 4699 1881 4775 Quod
1901 4703 1929 4762 te
1949 4697 2075 4761 αὸεεηῖε
2095 4694 2147 4759 tic

549 4890 570 4958 ¹)
588 4892 603 4959 q
623 4888 681 4943 rae:
700 4888 726 4943 a.

548 4979 570 5048 ¹)
588 4982 603 5047 ᾗ
620 4977 674 5031 224
691 4995 750 5048 sqq.

549 5067 571 5136 ³)
589 5067 703 5121 Holtze:
722 5084 785 5137 pag.
805 5068 847 5122 33.
