<?xml version="1.0" encoding="UTF-8"?>
<!DOCTYPE html PUBLIC "-//W3C//DTD XHTML 1.0 Transitional//EN"
    "http://www.w3.org/TR/xhtml1/DTD/xhtml1-transitional.dtd">
<html xmlns="http://www.w3.org/1999/xhtml" xml:lang="en" lang="en">
 <head>
  <title>
</title>
<meta http-equiv="Content-Type" content="text/html;charset=utf-8" />
  <meta name='ocr-system' content='tesseract 3.04.00' />
  <meta name='ocr-capabilities' content='ocr_page ocr_carea ocr_par ocr_line ocrx_word'/>
</head>
<body>
  <div class='ocr_page' id='page_1' title='image "./deinfinitiviusu00vallgoog_0041.png"; bbox 0 0 4524 5858; ppageno 0'>
   <div class='ocr_carea' id='block_1_1' title="bbox 1078 1369 1177 1475">
    <p class='ocr_par' dir='ltr' id='par_1_1' title="bbox 1078 1369 1177 1475">
     <span class='ocr_line' id='line_1_1' title="bbox 1078 1369 1177 1475; baseline -0.02 0"><span class='ocrx_word' id='word_1_1' title='bbox 1078 1369 1177 1475; x_wconf 93' lang='lat' dir='ltr'>III.</span> 
     </span>
    </p>
   </div>
   <div class='ocr_carea' id='block_1_2' title="bbox 712 1637 1541 1789">
    <p class='ocr_par' dir='ltr' id='par_1_2' title="bbox 712 1637 1541 1789">
     <span class='ocr_line' id='line_1_2' title="bbox 712 1637 1541 1789; baseline -0.012 -6"><span class='ocrx_word' id='word_1_2' title='bbox 712 1637 1093 1788; x_wconf 81' lang='lat' dir='ltr'><strong>infinitivus</strong></span> <span class='ocrx_word' id='word_1_3' title='bbox 1139 1638 1541 1789; x_wconf 76' lang='lat' dir='ltr'><strong>historicust</strong></span> 
     </span>
    </p>
   </div>
   <div class='ocr_carea' id='block_1_3' title="bbox 269 1983 1991 3112">
    <p class='ocr_par' dir='ltr' id='par_1_3' title="bbox 269 1983 1991 2879">
     <span class='ocr_line' id='line_1_3' title="bbox 371 1983 1989 2067; baseline 0 -17"><span class='ocrx_word' id='word_1_4' title='bbox 371 1984 455 2050; x_wconf 83' lang='lat' dir='ltr'><strong>Cum</strong></span> <span class='ocrx_word' id='word_1_5' title='bbox 477 1985 533 2050; x_wconf 83' lang='lat' dir='ltr'><strong>alii</strong></span> <span class='ocrx_word' id='word_1_6' title='bbox 554 1985 667 2051; x_wconf 87' lang='lat' dir='ltr'><strong>rerum</strong></span> <span class='ocrx_word' id='word_1_7' title='bbox 689 1988 864 2066; x_wconf 78' lang='lat' dir='ltr'><strong>gestarum</strong></span> <span class='ocrx_word' id='word_1_8' title='bbox 886 1986 1069 2067; x_wconf 80' lang='lat' dir='ltr'>scriptores</span> <span class='ocrx_word' id='word_1_9' title='bbox 1091 1988 1165 2050; x_wconf 88' lang='lat' dir='ltr'><strong>tum</strong></span> <span class='ocrx_word' id='word_1_10' title='bbox 1187 1984 1369 2050; x_wconf 77' lang='lat' dir='ltr'>Sallustius</span> <span class='ocrx_word' id='word_1_11' title='bbox 1391 1983 1556 2050; x_wconf 88' lang='lat' dir='ltr'><strong>infinitivo</strong></span> <span class='ocrx_word' id='word_1_12' title='bbox 1579 2001 1677 2065; x_wconf 87' lang='lat' dir='ltr'><strong>praes.</strong></span> <span class='ocrx_word' id='word_1_13' title='bbox 1701 2000 1793 2066; x_wconf 82' lang='lat' dir='ltr'><strong>saepe</strong></span> <span class='ocrx_word' id='word_1_14' title='bbox 1815 1985 1989 2066; x_wconf 89' lang='lat' dir='ltr'><strong>proverbi</strong></span> 
     </span>
     <span class='ocr_line' id='line_1_4' title="bbox 269 2098 1988 2183; baseline 0.001 -18"><span class='ocrx_word' id='word_1_15' title='bbox 269 2099 386 2167; x_wconf 81' lang='lat' dir='ltr'><strong>formis</strong></span> <span class='ocrx_word' id='word_1_16' title='bbox 418 2100 523 2166; x_wconf 88' lang='lat' dir='ltr'><strong>finitis</strong></span> <span class='ocrx_word' id='word_1_17' title='bbox 556 2098 696 2182; x_wconf 83' lang='lat' dir='ltr'><strong>(imperi.</strong></span> <span class='ocrx_word' id='word_1_18' title='bbox 723 2103 759 2166; x_wconf 91' lang='lat' dir='ltr'><strong>et</strong></span> <span class='ocrx_word' id='word_1_19' title='bbox 779 2116 878 2182; x_wconf 87' lang='lat' dir='ltr'><strong>praes.</strong></span> <span class='ocrx_word' id='word_1_20' title='bbox 901 2101 992 2176; x_wconf 87' lang='lat' dir='ltr'><strong>bist.)</strong></span> <span class='ocrx_word' id='word_1_21' title='bbox 1014 2103 1166 2183; x_wconf 87' lang='lat' dir='ltr'><strong>utuntur,</strong></span> <span class='ocrx_word' id='word_1_22' title='bbox 1190 2117 1256 2181; x_wconf 92' lang='lat' dir='ltr'><strong>quo</strong></span> <span class='ocrx_word' id='word_1_23' title='bbox 1277 2101 1508 2167; x_wconf 89' lang='lat' dir='ltr'><strong>vehementior</strong></span> <span class='ocrx_word' id='word_1_24' title='bbox 1529 2101 1728 2181; x_wconf 80' lang='lat' dir='ltr'><strong>graviorque</strong></span> <span class='ocrx_word' id='word_1_25' title='bbox 1749 2100 1812 2165; x_wconf 86' lang='lat' dir='ltr'><strong>fiat</strong></span> <span class='ocrx_word' id='word_1_26' title='bbox 1832 2101 1988 2167; x_wconf 82' lang='lat' dir='ltr'><strong>narratio</strong></span> 
     </span>
     <span class='ocr_line' id='line_1_5' title="bbox 271 2215 1987 2299; baseline 0 -17"><span class='ocrx_word' id='word_1_27' title='bbox 271 2220 305 2282; x_wconf 91' lang='lat' dir='ltr'><strong>et</strong></span> <span class='ocrx_word' id='word_1_28' title='bbox 327 2234 386 2283; x_wconf 90' lang='lat' dir='ltr'><strong>eos</strong></span> <span class='ocrx_word' id='word_1_29' title='bbox 409 2217 466 2297; x_wconf 92' lang='lat' dir='ltr'><strong>qui</strong></span> <span class='ocrx_word' id='word_1_30' title='bbox 486 2216 603 2298; x_wconf 82' lang='lat' dir='ltr'><strong>legunt</strong></span> <span class='ocrx_word' id='word_1_31' title='bbox 624 2219 801 2296; x_wconf 79' lang='lat' dir='ltr'><strong>tamquam</strong></span> <span class='ocrx_word' id='word_1_32' title='bbox 822 2217 857 2281; x_wconf 92' lang='lat' dir='ltr'><strong>in</strong></span> <span class='ocrx_word' id='word_1_33' title='bbox 878 2233 951 2282; x_wconf 92' lang='lat' dir='ltr'><strong>rem</strong></span> <span class='ocrx_word' id='word_1_34' title='bbox 972 2220 1177 2299; x_wconf 86' lang='lat' dir='ltr'><strong>praesentem</strong></span> <span class='ocrx_word' id='word_1_35' title='bbox 1199 2217 1356 2282; x_wconf 83' lang='lat' dir='ltr'><strong>adducat.</strong></span> <span class='ocrx_word' id='word_1_36' title='bbox 1400 2215 1517 2296; x_wconf 90' lang='lat' dir='ltr'><strong>Neque</strong></span> <span class='ocrx_word' id='word_1_37' title='bbox 1538 2219 1655 2282; x_wconf 86' lang='lat' dir='ltr'><strong>temen</strong></span> <span class='ocrx_word' id='word_1_38' title='bbox 1676 2215 1723 2280; x_wconf 81' lang='lat' dir='ltr'><strong>iili</strong></span> <span class='ocrx_word' id='word_1_39' title='bbox 1745 2215 1816 2283; x_wconf 91' lang='lat' dir='ltr'><strong>soli.</strong></span> <span class='ocrx_word' id='word_1_40' title='bbox 1859 2216 1892 2280; x_wconf 87' lang='lat' dir='ltr'>A</span> <span class='ocrx_word' id='word_1_41' title='bbox 1910 2216 1987 2283; x_wconf 82' lang='lat' dir='ltr'><strong>Ter.</strong></span> 
     </span>
     <span class='ocr_line' id='line_1_6' title="bbox 269 2331 1988 2416; baseline 0.001 -19"><span class='ocrx_word' id='word_1_42' title='bbox 269 2333 323 2399; x_wconf 89' lang='lat' dir='ltr'><strong>hio</strong></span> <span class='ocrx_word' id='word_1_43' title='bbox 344 2332 412 2416; x_wconf 82' lang='lat' dir='ltr'><strong>ini,</strong></span> <span class='ocrx_word' id='word_1_44' title='bbox 425 2333 482 2413; x_wconf 93' lang='lat' dir='ltr'><strong>qui</strong></span> <span class='ocrx_word' id='word_1_45' title='bbox 504 2332 634 2415; x_wconf 86' lang='lat' dir='ltr'><strong>dicitur,</strong></span> <span class='ocrx_word' id='word_1_46' title='bbox 656 2332 837 2398; x_wconf 87' lang='lat' dir='ltr'><strong>historicus</strong></span> <span class='ocrx_word' id='word_1_47' title='bbox 859 2349 1092 2414; x_wconf 77' lang='lat' dir='ltr'><strong>saepenumero</strong></span> <span class='ocrx_word' id='word_1_48' title='bbox 1114 2333 1291 2398; x_wconf 81' lang='lat' dir='ltr'>adhibetur</span> <span class='ocrx_word' id='word_1_49' title='bbox 1313 2333 1413 2413; x_wconf 88' lang='lat' dir='ltr'><strong>idque</strong></span> <span class='ocrx_word' id='word_1_50' title='bbox 1435 2348 1500 2397; x_wconf 93' lang='lat' dir='ltr'><strong>non</strong></span> <span class='ocrx_word' id='word_1_51' title='bbox 1516 2331 1624 2398; x_wconf 85' lang='lat' dir='ltr'><strong>solam</strong></span> <span class='ocrx_word' id='word_1_52' title='bbox 1639 2332 1778 2397; x_wconf 81' lang='lat' dir='ltr'><strong>tertiam</strong></span> <span class='ocrx_word' id='word_1_53' title='bbox 1793 2349 1988 2415; x_wconf 83' lang='lat' dir='ltr'><strong>personam,</strong></span> 
     </span>
     <span class='ocr_line' id='line_1_7' title="bbox 270 2448 1988 2532; baseline 0.001 -18"><span class='ocrx_word' id='word_1_54' title='bbox 270 2453 314 2519; x_wconf 33' lang='lat' dir='ltr'><strong>ut,</strong></span> <span class='ocrx_word' id='word_1_55' title='bbox 342 2449 432 2531; x_wconf 82' lang='lat' dir='ltr'><strong>apud</strong></span> <span class='ocrx_word' id='word_1_56' title='bbox 464 2448 537 2515; x_wconf 91' lang='lat' dir='ltr'><strong>illos</strong></span> <span class='ocrx_word' id='word_1_57' title='bbox 560 2449 759 2531; x_wconf 86' lang='lat' dir='ltr'><strong>saepissime,</strong></span> <span class='ocrx_word' id='word_1_58' title='bbox 782 2450 973 2530; x_wconf 82' lang='lat' dir='ltr'><strong>exprimens</strong></span> <span class='ocrx_word' id='word_1_59' title='bbox 996 2450 1182 2515; x_wconf 85' lang='lat' dir='ltr'><strong>sedetiam</strong></span> <span class='ocrx_word' id='word_1_60' title='bbox 1204 2450 1357 2532; x_wconf 83' lang='lat' dir='ltr'><strong>primam.</strong></span> <span class='ocrx_word' id='word_1_61' title='bbox 1400 2448 1501 2514; x_wconf 82' lang='lat' dir='ltr'><strong>Nulla</strong></span> <span class='ocrx_word' id='word_1_62' title='bbox 1523 2449 1717 2528; x_wconf 82' lang='lat' dir='ltr'><strong>ceteroquin</strong></span> <span class='ocrx_word' id='word_1_63' title='bbox 1740 2448 1988 2515; x_wconf 85' lang='lat' dir='ltr'><strong>enuntiationis</strong></span> 
     </span>
     <span class='ocr_line' id='line_1_8' title="bbox 271 2565 1991 2648; baseline -0.001 -16"><span class='ocrx_word' id='word_1_64' title='bbox 271 2565 416 2632; x_wconf 82' lang='lat' dir='ltr'><strong>mutatio</strong></span> <span class='ocrx_word' id='word_1_65' title='bbox 448 2565 497 2648; x_wconf 85' lang='lat' dir='ltr'><strong>fit,</strong></span> <span class='ocrx_word' id='word_1_66' title='bbox 531 2581 635 2646; x_wconf 85' lang='lat' dir='ltr'><strong>quare</strong></span> <span class='ocrx_word' id='word_1_67' title='bbox 667 2565 858 2633; x_wconf 86' lang='lat' dir='ltr'><strong>subiectum</strong></span> <span class='ocrx_word' id='word_1_68' title='bbox 889 2566 1097 2631; x_wconf 83' lang='lat' dir='ltr'><strong>nominativo</strong></span> <span class='ocrx_word' id='word_1_69' title='bbox 1117 2566 1294 2632; x_wconf 84' lang='lat' dir='ltr'><strong>indicetur.</strong></span> <span class='ocrx_word' id='word_1_70' title='bbox 1339 2565 1404 2632; x_wconf 87' lang='lat' dir='ltr'><strong>Sed</strong></span> <span class='ocrx_word' id='word_1_71' title='bbox 1427 2566 1625 2647; x_wconf 83' lang='lat' dir='ltr'><strong>pronomina</strong></span> <span class='ocrx_word' id='word_1_72' title='bbox 1647 2582 1722 2646; x_wconf 82' lang='lat' dir='ltr'><strong>quse</strong></span> <span class='ocrx_word' id='word_1_73' title='bbox 1743 2566 1817 2631; x_wconf 84' lang='lat' dir='ltr'><strong>vioe</strong></span> <span class='ocrx_word' id='word_1_74' title='bbox 1839 2566 1991 2631; x_wconf 84' lang='lat' dir='ltr'><strong>subiecti</strong></span> 
     </span>
     <span class='ocr_line' id='line_1_9' title="bbox 269 2680 1990 2764; baseline -0.001 -18"><span class='ocrx_word' id='word_1_75' title='bbox 269 2682 455 2763; x_wconf 78' lang='lat' dir='ltr'><strong>funguntur</strong></span> <span class='ocrx_word' id='word_1_76' title='bbox 476 2683 551 2747; x_wconf 92' lang='lat' dir='ltr'><strong>tum</strong></span> <span class='ocrx_word' id='word_1_77' title='bbox 572 2681 684 2747; x_wconf 90' lang='lat' dir='ltr'><strong>omitti</strong></span> <span class='ocrx_word' id='word_1_78' title='bbox 704 2684 859 2764; x_wconf 81' lang='lat' dir='ltr'><strong>possunt,</strong></span> <span class='ocrx_word' id='word_1_79' title='bbox 882 2680 960 2747; x_wconf 83' lang='lat' dir='ltr'><strong>oum</strong></span> <span class='ocrx_word' id='word_1_80' title='bbox 982 2686 1124 2748; x_wconf 84' lang='lat' dir='ltr'><strong>accentu</strong></span> <span class='ocrx_word' id='word_1_81' title='bbox 1146 2681 1244 2763; x_wconf 85' lang='lat' dir='ltr'><strong>quasi</strong></span> <span class='ocrx_word' id='word_1_82' title='bbox 1263 2699 1331 2748; x_wconf 87' lang='lat' dir='ltr'><strong>non</strong></span> <span class='ocrx_word' id='word_1_83' title='bbox 1346 2682 1497 2748; x_wconf 81' lang='lat' dir='ltr'><strong>notanda</strong></span> <span class='ocrx_word' id='word_1_84' title='bbox 1511 2684 1593 2746; x_wconf 90' lang='lat' dir='ltr'><strong>sunt</strong></span> <span class='ocrx_word' id='word_1_85' title='bbox 1608 2683 1711 2762; x_wconf 86' lang='lat' dir='ltr'><strong>etque</strong></span> <span class='ocrx_word' id='word_1_86' title='bbox 1726 2680 1823 2747; x_wconf 85' lang='lat' dir='ltr'><strong>facile</strong></span> <span class='ocrx_word' id='word_1_87' title='bbox 1839 2686 1990 2762; x_wconf 90' lang='lat' dir='ltr'><strong>possunt</strong></span> 
     </span>
     <span class='ocr_line' id='line_1_10' title="bbox 272 2782 976 2879; baseline -0.003 -15"><span class='ocrx_word' id='word_1_88' title='bbox 272 2816 314 2864; x_wconf 87' lang='lat' dir='ltr'><strong>ex</strong></span> <span class='ocrx_word' id='word_1_89' title='bbox 335 2797 534 2879; x_wconf 83' lang='lat' dir='ltr'><strong>praegress&#39;rs</strong></span> <span class='ocrx_word' id='word_1_90' title='bbox 556 2800 671 2864; x_wconf 86' lang='lat' dir='ltr'><strong>mente</strong></span> <span class='ocrx_word' id='word_1_91' title='bbox 693 2798 780 2863; x_wconf 85' lang='lat' dir='ltr'><strong>eddi.</strong></span> <span class='ocrx_word' id='word_1_92' title='bbox 972 2782 976 2787; x_wconf 68' lang='grc'><em>’</em></span> 
     </span>
    </p>

    <p class='ocr_par' dir='ltr' id='par_1_4' title="bbox 272 2913 1989 3112">
     <span class='ocr_line' id='line_1_11' title="bbox 370 2913 1989 2995; baseline 0.001 -17"><span class='ocrx_word' id='word_1_93' title='bbox 370 2913 540 2981; x_wconf 85' lang='lat' dir='ltr'><strong>Praeterea</strong></span> <span class='ocrx_word' id='word_1_94' title='bbox 559 2913 593 2978; x_wconf 87' lang='lat' dir='ltr'><strong>id</strong></span> <span class='ocrx_word' id='word_1_95' title='bbox 615 2916 751 2978; x_wconf 86' lang='lat' dir='ltr'><strong>tentum</strong></span> <span class='ocrx_word' id='word_1_96' title='bbox 773 2916 1074 2980; x_wconf 85' lang='lat' dir='ltr'><strong>commemoratum</strong></span> <span class='ocrx_word' id='word_1_97' title='bbox 1095 2913 1180 2995; x_wconf 85' lang='lat' dir='ltr'><strong>volo,</strong></span> <span class='ocrx_word' id='word_1_98' title='bbox 1202 2913 1405 2978; x_wconf 86' lang='lat' dir='ltr'><strong>infinitivum</strong></span> <span class='ocrx_word' id='word_1_99' title='bbox 1426 2913 1505 2978; x_wconf 90' lang='lat' dir='ltr'><strong>hist.</strong></span> <span class='ocrx_word' id='word_1_100' title='bbox 1528 2913 1718 2994; x_wconf 88' lang='lat' dir='ltr'><strong>saepissims</strong></span> <span class='ocrx_word' id='word_1_101' title='bbox 1739 2913 1880 2979; x_wconf 88' lang='lat' dir='ltr'><strong>inveniri</strong></span> <span class='ocrx_word' id='word_1_102' title='bbox 1902 2930 1989 2994; x_wconf 86' lang='lat' dir='ltr'><strong>pree·</strong></span> 
     </span>
     <span class='ocr_line' id='line_1_12' title="bbox 272 3028 1154 3112; baseline -0.003 -15"><span class='ocrx_word' id='word_1_103' title='bbox 272 3030 469 3097; x_wconf 82' lang='lat' dir='ltr'><strong>cedentibus</strong></span> <span class='ocrx_word' id='word_1_104' title='bbox 491 3029 699 3112; x_wconf 88' lang='lat' dir='ltr'><strong>temporibus</strong></span> <span class='ocrx_word' id='word_1_105' title='bbox 721 3029 826 3094; x_wconf 83' lang='lat' dir='ltr'><strong>finitis</strong></span> <span class='ocrx_word' id='word_1_106' title='bbox 849 3028 901 3095; x_wconf 87' lang='lat' dir='ltr'><strong>vel</strong></span> <span class='ocrx_word' id='word_1_107' title='bbox 924 3030 1154 3110; x_wconf 88' lang='lat' dir='ltr'><strong>sequentibus.</strong></span> 
     </span>
    </p>
   </div>
   <div class='ocr_carea' id='block_1_4' title="bbox 249 3149 1994 4828">
    <p class='ocr_par' dir='ltr' id='par_1_5' title="bbox 249 3149 1994 4828">
     <span class='ocr_line' id='line_1_13' title="bbox 370 3149 1992 3233; baseline -0.001 -18"><span class='ocrx_word' id='word_1_108' title='bbox 370 3149 474 3216; x_wconf 80' lang='lat' dir='ltr'><strong>Andr.</strong></span> <span class='ocrx_word' id='word_1_109' title='bbox 496 3152 538 3215; x_wconf 91' lang='grc'><strong>62</strong></span> <span class='ocrx_word' id='word_1_110' title='bbox 559 3166 632 3231; x_wconf 90' lang='lat' dir='ltr'><strong>sqq.</strong></span> <span class='ocrx_word' id='word_1_111' title='bbox 666 3149 719 3215; x_wconf 76' lang='lat' dir='ltr'><strong>sta</strong></span> <span class='ocrx_word' id='word_1_112' title='bbox 749 3151 820 3215; x_wconf 80' lang='lat' dir='ltr'><strong>atta</strong></span> <span class='ocrx_word' id='word_1_113' title='bbox 851 3153 934 3216; x_wconf 79' lang='lat' dir='ltr'><strong>erat:</strong></span> <span class='ocrx_word' id='word_1_114' title='bbox 965 3151 1057 3233; x_wconf 80' lang='lat' dir='ltr'><strong>facite</strong></span> <span class='ocrx_word' id='word_1_115' title='bbox 1081 3167 1188 3215; x_wconf 78' lang='lat' dir='ltr'><strong>ornnes</strong></span> <span class='ocrx_word' id='word_1_116' title='bbox 1210 3150 1410 3232; x_wconf 68' lang='lat' dir='ltr'><strong>performat</strong></span> <span class='ocrx_word' id='word_1_117' title='bbox 1424 3150 1514 3232; x_wconf 84' lang='lat' dir='ltr'><strong>patt;</strong></span> <span class='ocrx_word' id='word_1_118' title='bbox 1534 3166 1608 3213; x_wconf 83' lang='lat' dir='ltr'><strong>eum</strong></span> <span class='ocrx_word' id='word_1_119' title='bbox 1629 3151 1744 3231; x_wconf 76' lang='lat' dir='ltr'><strong>quiem</strong></span> <span class='ocrx_word' id='word_1_120' title='bbox 1764 3153 1835 3215; x_wconf 84' lang='lat' dir='ltr'><strong>erat</strong></span> <span class='ocrx_word' id='word_1_121' title='bbox 1853 3167 1992 3232; x_wconf 74' lang='lat' dir='ltr'><strong>euinque</strong></span> 
     </span>
     <span class='ocr_line' id='line_1_14' title="bbox 269 3242 1992 3331; baseline 0.001 -18"><span class='ocrx_word' id='word_1_122' title='bbox 269 3267 346 3330; x_wconf 80' lang='lat' dir='ltr'><strong>aaa,</strong></span> <span class='ocrx_word' id='word_1_123' title='bbox 367 3249 412 3313; x_wconf 82' lang='lat' dir='ltr'><strong>eis</strong></span> <span class='ocrx_word' id='word_1_124' title='bbox 432 3265 464 3312; x_wconf 84' lang='lat' dir='ltr'><strong>ee</strong></span> <span class='ocrx_word' id='word_1_125' title='bbox 485 3247 603 3327; x_wconf 74' lang='lat' dir='ltr'><strong>dedere,</strong></span> <span class='ocrx_word' id='word_1_126' title='bbox 625 3266 734 3314; x_wconf 80' lang='lat' dir='ltr'><strong>eorum</strong></span> <span class='ocrx_word' id='word_1_127' title='bbox 755 3242 878 3331; x_wconf 72' lang='lat' dir='ltr'><strong>abumari</strong></span> <span class='ocrx_word' id='word_1_128' title='bbox 898 3249 1023 3315; x_wconf 70' lang='lat' dir='ltr'><strong>emata.</strong></span> <span class='ocrx_word' id='word_1_129' title='bbox 1067 3253 1108 3316; x_wconf 87' lang='grc'><strong>96</strong></span> <span class='ocrx_word' id='word_1_130' title='bbox 1130 3266 1180 3331; x_wconf 93' lang='lat' dir='ltr'><strong>sq.</strong></span> <span class='ocrx_word' id='word_1_131' title='bbox 1207 3248 1287 3314; x_wconf 77' lang='lat' dir='ltr'><strong>eam</strong></span> <span class='ocrx_word' id='word_1_132' title='bbox 1308 3250 1344 3314; x_wconf 81' lang='lat' dir='ltr'><strong>iot</strong></span> <span class='ocrx_word' id='word_1_133' title='bbox 1364 3249 1446 3314; x_wconf 83' lang='lat' dir='ltr'><strong>mitri</strong></span> <span class='ocrx_word' id='word_1_134' title='bbox 1461 3249 1615 3330; x_wconf 72' lang='lat' dir='ltr'><strong>placebat,</strong></span> <span class='ocrx_word' id='word_1_135' title='bbox 1640 3252 1708 3313; x_wconf 70' lang='lat' dir='ltr'><strong>nom</strong></span> <span class='ocrx_word' id='word_1_136' title='bbox 1729 3266 1792 3314; x_wconf 80' lang='lat' dir='ltr'><strong>amo</strong></span> <span class='ocrx_word' id='word_1_137' title='bbox 1813 3267 1865 3314; x_wconf 86' lang='lat' dir='ltr'><strong>ore</strong></span> <span class='ocrx_word' id='word_1_138' title='bbox 1879 3266 1992 3315; x_wconf 77' lang='lat' dir='ltr'><strong>manes</strong></span> 
     </span>
     <span class='ocr_line' id='line_1_15' title="bbox 249 3348 1993 3431; baseline 0.001 -18"><span class='ocrx_word' id='word_1_139' title='bbox 249 3349 378 3413; x_wconf 79' lang='lat' dir='ltr'><strong>mmmm</strong></span> <span class='ocrx_word' id='word_1_140' title='bbox 399 3348 478 3412; x_wconf 79' lang='lat' dir='ltr'><strong>bona</strong></span> <span class='ocrx_word' id='word_1_141' title='bbox 499 3348 599 3413; x_wconf 70' lang='lat' dir='ltr'><strong>dobere</strong></span> <span class='ocrx_word' id='word_1_142' title='bbox 619 3351 647 3412; x_wconf 89' lang='lat' dir='ltr'><strong>et</strong></span> <span class='ocrx_word' id='word_1_143' title='bbox 668 3348 802 3413; x_wconf 76' lang='lat' dir='ltr'><strong>mudum</strong></span> <span class='ocrx_word' id='word_1_144' title='bbox 822 3348 969 3431; x_wconf 79' lang='lat' dir='ltr'><strong>sartrmas</strong></span> <span class='ocrx_word' id='word_1_145' title='bbox 989 3366 1086 3414; x_wconf 82' lang='lat' dir='ltr'><strong>meas.</strong></span> <span class='ocrx_word' id='word_1_146' title='bbox 1133 3351 1192 3414; x_wconf 87' lang='grc'><strong>146</strong></span> <span class='ocrx_word' id='word_1_147' title='bbox 1213 3366 1263 3430; x_wconf 91' lang='lat' dir='ltr'><strong>sq.</strong></span> <span class='ocrx_word' id='word_1_148' title='bbox 1298 3348 1366 3429; x_wconf 75' lang='lat' dir='ltr'><strong>Epo</strong></span> <span class='ocrx_word' id='word_1_149' title='bbox 1386 3348 1470 3413; x_wconf 76' lang='lat' dir='ltr'><strong>tuan</strong></span> <span class='ocrx_word' id='word_1_150' title='bbox 1490 3348 1597 3413; x_wconf 72' lang='lat' dir='ltr'><strong>sectato</strong></span> <span class='ocrx_word' id='word_1_151' title='bbox 1618 3367 1732 3430; x_wconf 75' lang='lat' dir='ltr'><strong>separe</strong></span> <span class='ocrx_word' id='word_1_152' title='bbox 1753 3349 1883 3431; x_wconf 80' lang='lat' dir='ltr'><strong>sactum.</strong></span> <span class='ocrx_word' id='word_1_153' title='bbox 1927 3348 1993 3414; x_wconf 80' lang='lat' dir='ltr'><strong>aa</strong></span> 
     </span>
     <span class='ocr_line' id='line_1_16' title="bbox 270 3426 1993 3531; baseline 0 -19"><span class='ocrx_word' id='word_1_154' title='bbox 270 3449 369 3526; x_wconf 77' lang='lat' dir='ltr'><strong>instat</strong></span> <span class='ocrx_word' id='word_1_155' title='bbox 386 3448 518 3529; x_wconf 76' lang='lat' dir='ltr'><strong>santum.</strong></span> <span class='ocrx_word' id='word_1_156' title='bbox 560 3449 623 3513; x_wconf 82' lang='lat'><strong>369</strong></span> <span class='ocrx_word' id='word_1_157' title='bbox 643 3447 764 3513; x_wconf 73' lang='lat' dir='ltr'><strong>Hatera</strong></span> <span class='ocrx_word' id='word_1_158' title='bbox 788 3451 818 3513; x_wconf 85' lang='lat' dir='ltr'><strong>et</strong></span> <span class='ocrx_word' id='word_1_159' title='bbox 830 3426 1158 3530; x_wconf 61' lang='lat' dir='ltr'><strong>ptentetm’mtnatos</strong></span> <span class='ocrx_word' id='word_1_160' title='bbox 1177 3450 1262 3531; x_wconf 74' lang='lat' dir='ltr'><strong>serre</strong></span> <span class='ocrx_word' id='word_1_161' title='bbox 1282 3449 1364 3512; x_wconf 87' lang='lat' dir='ltr'><strong>obolo</strong></span> <span class='ocrx_word' id='word_1_162' title='bbox 1385 3449 1419 3512; x_wconf 84' lang='lat' dir='ltr'><strong>in</strong></span> <span class='ocrx_word' id='word_1_163' title='bbox 1440 3466 1550 3513; x_wconf 82' lang='lat' dir='ltr'><strong>cenam</strong></span> <span class='ocrx_word' id='word_1_164' title='bbox 1563 3450 1638 3513; x_wconf 80' lang='lat' dir='ltr'><strong>sent.</strong></span> <span class='ocrx_word' id='word_1_165' title='bbox 1675 3449 1757 3513; x_wconf 81' lang='lat' dir='ltr'><strong>Eun.</strong></span> <span class='ocrx_word' id='word_1_166' title='bbox 1773 3450 1833 3514; x_wconf 83' lang='lat'><strong>391</strong></span> <span class='ocrx_word' id='word_1_167' title='bbox 1849 3448 1993 3529; x_wconf 65' lang='lat' dir='ltr'><strong>Maenas</strong></span> 
     </span>
     <span class='ocr_line' id='line_1_17' title="bbox 269 3546 1993 3631; baseline 0.001 -19"><span class='ocrx_word' id='word_1_168' title='bbox 269 3566 345 3612; x_wconf 79' lang='lat' dir='ltr'><strong>mro</strong></span> <span class='ocrx_word' id='word_1_169' title='bbox 364 3566 457 3631; x_wconf 76' lang='lat' dir='ltr'><strong>apere</strong></span> <span class='ocrx_word' id='word_1_170' title='bbox 474 3548 601 3630; x_wconf 71' lang='lat' dir='ltr'><strong>prateae</strong></span> <span class='ocrx_word' id='word_1_171' title='bbox 625 3546 723 3612; x_wconf 76' lang='lat' dir='ltr'><strong>Ttmts</strong></span> <span class='ocrx_word' id='word_1_172' title='bbox 743 3548 847 3613; x_wconf 75' lang='lat' dir='ltr'><strong>mibi?</strong></span> <span class='ocrx_word' id='word_1_173' title='bbox 890 3551 949 3615; x_wconf 82' lang='lat'><strong>401</strong></span> <span class='ocrx_word' id='word_1_174' title='bbox 973 3566 1022 3629; x_wconf 92' lang='lat' dir='ltr'><strong>sq.</strong></span> <span class='ocrx_word' id='word_1_175' title='bbox 1047 3547 1117 3613; x_wconf 82' lang='lat' dir='ltr'><strong>GN.</strong></span> <span class='ocrx_word' id='word_1_176' title='bbox 1139 3547 1208 3612; x_wconf 77' lang='lat' dir='ltr'><strong>naa</strong></span> <span class='ocrx_word' id='word_1_177' title='bbox 1230 3551 1256 3612; x_wconf 80' lang='lat' dir='ltr'><strong>te</strong></span> <span class='ocrx_word' id='word_1_178' title='bbox 1277 3566 1349 3630; x_wconf 75' lang='lat' dir='ltr'><strong>erpo</strong></span> <span class='ocrx_word' id='word_1_179' title='bbox 1368 3549 1404 3612; x_wconf 83' lang='lat' dir='ltr'><strong>in</strong></span> <span class='ocrx_word' id='word_1_180' title='bbox 1425 3549 1522 3613; x_wconf 80' lang='lat' dir='ltr'><strong>ematis</strong></span> <span class='ocrx_word' id='word_1_181' title='bbox 1538 3597 1545 3611; x_wconf 92' lang='lat'><strong>.</strong></span> <span class='ocrx_word' id='word_1_182' title='bbox 1562 3597 1569 3612; x_wconf 88' lang='lat'><strong>.</strong></span> <span class='ocrx_word' id='word_1_183' title='bbox 1586 3598 1593 3613; x_wconf 88' lang='lat'><strong>.</strong></span> <span class='ocrx_word' id='word_1_184' title='bbox 1608 3550 1752 3629; x_wconf 70' lang='lat' dir='ltr'><strong>uastaret</strong></span> <span class='ocrx_word' id='word_1_185' title='bbox 1795 3548 1864 3612; x_wconf 89' lang='grc' dir='ltr'><strong>ΤΗ.</strong></span> <span class='ocrx_word' id='word_1_186' title='bbox 1892 3547 1993 3629; x_wconf 73' lang='grc' dir='ltr'><em>Πενο;</em></span> 
     </span>
     <span class='ocr_line' id='line_1_18' title="bbox 270 3647 1993 3730; baseline 0.001 -18"><span class='ocrx_word' id='word_1_187' title='bbox 270 3649 393 3713; x_wconf 78' lang='lat' dir='ltr'><strong>eredere</strong></span> <span class='ocrx_word' id='word_1_188' title='bbox 423 3665 547 3713; x_wconf 79' lang='lat' dir='ltr'><strong>manem</strong></span> <span class='ocrx_word' id='word_1_189' title='bbox 578 3650 757 3714; x_wconf 76' lang='lat' dir='ltr'><strong>exereitum.</strong></span> <span class='ocrx_word' id='word_1_190' title='bbox 812 3650 873 3714; x_wconf 87' lang='lat'><strong>410</strong></span> <span class='ocrx_word' id='word_1_191' title='bbox 905 3666 977 3729; x_wconf 88' lang='lat' dir='ltr'><strong>sqq.</strong></span> <span class='ocrx_word' id='word_1_192' title='bbox 1009 3647 1159 3713; x_wconf 73' lang='lat' dir='ltr'><strong>Inatdere</strong></span> <span class='ocrx_word' id='word_1_193' title='bbox 1189 3666 1296 3712; x_wconf 80' lang='lat' dir='ltr'><strong>omnes</strong></span> <span class='ocrx_word' id='word_1_194' title='bbox 1326 3648 1417 3727; x_wconf 72' lang='lat' dir='ltr'><strong>nutri,</strong></span> <span class='ocrx_word' id='word_1_195' title='bbox 1449 3647 1593 3712; x_wconf 76' lang='lat' dir='ltr'><strong>mordere</strong></span> <span class='ocrx_word' id='word_1_196' title='bbox 1624 3649 1820 3728; x_wconf 73' lang='lat' dir='ltr'><strong>stannatum·</strong></span> <span class='ocrx_word' id='word_1_197' title='bbox 1850 3667 1903 3730; x_wconf 76' lang='lat' dir='ltr'><strong>eqo</strong></span> <span class='ocrx_word' id='word_1_198' title='bbox 1924 3667 1993 3714; x_wconf 81' lang='lat' dir='ltr'><strong>nom</strong></span> 
     </span>
     <span class='ocr_line' id='line_1_19' title="bbox 270 3747 1993 3830; baseline 0.001 -18"><span class='ocrx_word' id='word_1_199' title='bbox 270 3749 355 3830; x_wconf 76' lang='lat' dir='ltr'><strong>flami</strong></span> <span class='ocrx_word' id='word_1_200' title='bbox 369 3748 522 3830; x_wconf 69' lang='lat' dir='ltr'><strong>pmterm</strong></span> <span class='ocrx_word' id='word_1_201' title='bbox 543 3748 593 3813; x_wconf 82' lang='lat' dir='ltr'><strong>aa·</strong></span> <span class='ocrx_word' id='word_1_202' title='bbox 613 3748 756 3813; x_wconf 79' lang='lat' dir='ltr'><strong>innidere</strong></span> <span class='ocrx_word' id='word_1_203' title='bbox 776 3749 898 3813; x_wconf 77' lang='lat' dir='ltr'><strong>misere.</strong></span> <span class='ocrx_word' id='word_1_204' title='bbox 943 3749 1003 3813; x_wconf 83' lang='lat'><strong>432</strong></span> <span class='ocrx_word' id='word_1_205' title='bbox 1024 3748 1106 3813; x_wconf 78' lang='lat' dir='ltr'><strong>Risu</strong></span> <span class='ocrx_word' id='word_1_206' title='bbox 1127 3765 1233 3812; x_wconf 82' lang='lat' dir='ltr'><strong>omnes</strong></span> <span class='ocrx_word' id='word_1_207' title='bbox 1253 3748 1309 3829; x_wconf 83' lang='lat' dir='ltr'><strong>qut</strong></span> <span class='ocrx_word' id='word_1_208' title='bbox 1330 3747 1467 3812; x_wconf 77' lang='lat' dir='ltr'><strong>aderant</strong></span> <span class='ocrx_word' id='word_1_209' title='bbox 1486 3749 1631 3826; x_wconf 66' lang='lat' dir='ltr'><strong>emmim·</strong></span> <span class='ocrx_word' id='word_1_210' title='bbox 1660 3748 1791 3829; x_wconf 80' lang='lat' dir='ltr'><strong>deniqne</strong></span> <span class='ocrx_word' id='word_1_211' title='bbox 1811 3749 1993 3814; x_wconf 74' lang='lat' dir='ltr'><strong>metuebant</strong></span> 
     </span>
     <span class='ocr_line' id='line_1_20' title="bbox 271 3847 1992 3930; baseline 0.002 -17"><span class='ocrx_word' id='word_1_212' title='bbox 271 3866 377 3913; x_wconf 81' lang='lat' dir='ltr'><strong>omnes</strong></span> <span class='ocrx_word' id='word_1_213' title='bbox 408 3849 477 3912; x_wconf 79' lang='lat' dir='ltr'><strong>mm</strong></span> <span class='ocrx_word' id='word_1_214' title='bbox 508 3865 567 3912; x_wconf 83' lang='lat' dir='ltr'><strong>me.</strong></span> <span class='ocrx_word' id='word_1_215' title='bbox 621 3849 683 3913; x_wconf 81' lang='lat'><strong>515</strong></span> <span class='ocrx_word' id='word_1_216' title='bbox 705 3865 755 3930; x_wconf 90' lang='lat' dir='ltr'><strong>sq.</strong></span> <span class='ocrx_word' id='word_1_217' title='bbox 785 3847 864 3930; x_wconf 83' lang='lat' dir='ltr'><strong>Ipsa</strong></span> <span class='ocrx_word' id='word_1_218' title='bbox 883 3847 1064 3913; x_wconf 82' lang='lat' dir='ltr'><strong>aammbere</strong></span> <span class='ocrx_word' id='word_1_219' title='bbox 1084 3865 1216 3930; x_wconf 74' lang='lat' dir='ltr'><strong>merrom,</strong></span> <span class='ocrx_word' id='word_1_220' title='bbox 1238 3848 1320 3912; x_wconf 80' lang='lat' dir='ltr'><strong>mibi</strong></span> <span class='ocrx_word' id='word_1_221' title='bbox 1340 3864 1404 3912; x_wconf 82' lang='lat' dir='ltr'><strong>sese</strong></span> <span class='ocrx_word' id='word_1_222' title='bbox 1425 3847 1512 3926; x_wconf 84' lang='lat' dir='ltr'><strong>dare,</strong></span> <span class='ocrx_word' id='word_1_223' title='bbox 1535 3865 1710 3912; x_wconf 70' lang='lat' dir='ltr'><strong>emmeram</strong></span> <span class='ocrx_word' id='word_1_224' title='bbox 1731 3866 1880 3930; x_wconf 77' lang='lat' dir='ltr'><strong>quaerere.</strong></span> <span class='ocrx_word' id='word_1_225' title='bbox 1924 3850 1992 3916; x_wconf 90' lang='lat'><strong>618</strong></span> 
     </span>
     <span class='ocr_line' id='line_1_21' title="bbox 272 3947 1992 4030; baseline 0.001 -16"><span class='ocrx_word' id='word_1_226' title='bbox 272 3966 336 4030; x_wconf 57' lang='lat' dir='ltr'><strong>sq„</strong></span> <span class='ocrx_word' id='word_1_227' title='bbox 355 3947 414 4013; x_wconf 82' lang='lat' dir='ltr'><strong>nze</strong></span> <span class='ocrx_word' id='word_1_228' title='bbox 444 3949 586 4012; x_wconf 74' lang='lat' dir='ltr'><strong>contnuo</strong></span> <span class='ocrx_word' id='word_1_229' title='bbox 615 3949 713 4012; x_wconf 78' lang='lat' dir='ltr'><strong>irasci</strong></span> <span class='ocrx_word' id='word_1_230' title='bbox 740 3966 836 4029; x_wconf 77' lang='lat' dir='ltr'><strong>mque</strong></span> <span class='ocrx_word' id='word_1_231' title='bbox 856 3947 1124 4030; x_wconf 62' lang='lat' dir='ltr'><strong>aspernandam</strong></span> <span class='ocrx_word' id='word_1_232' title='bbox 1147 3948 1249 4013; x_wconf 79' lang='lat' dir='ltr'><strong>Thais</strong></span> <span class='ocrx_word' id='word_1_233' title='bbox 1264 3966 1366 4030; x_wconf 81' lang='lat' dir='ltr'><strong>pomo</strong></span> <span class='ocrx_word' id='word_1_234' title='bbox 1385 3948 1506 4013; x_wconf 79' lang='lat' dir='ltr'><strong>instare</strong></span> <span class='ocrx_word' id='word_1_235' title='bbox 1526 3951 1563 4011; x_wconf 84' lang='lat' dir='ltr'><strong>nt</strong></span> <span class='ocrx_word' id='word_1_236' title='bbox 1582 3948 1741 4013; x_wconf 81' lang='lat' dir='ltr'><strong>hominem</strong></span> <span class='ocrx_word' id='word_1_237' title='bbox 1762 3950 1880 4014; x_wconf 77' lang='lat' dir='ltr'><strong>immitet.</strong></span> <span class='ocrx_word' id='word_1_238' title='bbox 1924 3950 1992 4016; x_wconf 83' lang='lat'><strong>623</strong></span> 
     </span>
     <span class='ocr_line' id='line_1_22' title="bbox 272 4047 1991 4130; baseline 0.003 -18"><span class='ocrx_word' id='word_1_239' title='bbox 272 4048 362 4112; x_wconf 69' lang='lat' dir='ltr'><strong>raras</strong></span> <span class='ocrx_word' id='word_1_240' title='bbox 388 4066 464 4112; x_wconf 73' lang='lat' dir='ltr'><strong>atero</strong></span> <span class='ocrx_word' id='word_1_241' title='bbox 483 4048 545 4112; x_wconf 80' lang='lat' dir='ltr'><strong>eibi</strong></span> <span class='ocrx_word' id='word_1_242' title='bbox 560 4051 679 4130; x_wconf 75' lang='lat' dir='ltr'><strong>patore</strong></span> <span class='ocrx_word' id='word_1_243' title='bbox 700 4047 875 4112; x_wconf 78' lang='lat' dir='ltr'><strong>adductum</strong></span> <span class='ocrx_word' id='word_1_244' title='bbox 896 4051 968 4112; x_wconf 84' lang='lat' dir='ltr'><strong>ama</strong></span> <span class='ocrx_word' id='word_1_245' title='bbox 989 4048 1090 4112; x_wconf 78' lang='lat' dir='ltr'><strong>ocutos</strong></span> <span class='ocrx_word' id='word_1_246' title='bbox 1112 4048 1276 4113; x_wconf 79' lang='lat' dir='ltr'><strong>amotam.</strong></span> <span class='ocrx_word' id='word_1_247' title='bbox 1319 4049 1382 4114; x_wconf 90' lang='grc'><strong>626</strong></span> <span class='ocrx_word' id='word_1_248' title='bbox 1402 4049 1494 4112; x_wconf 76' lang='lat' dir='ltr'><strong>Miles</strong></span> <span class='ocrx_word' id='word_1_249' title='bbox 1516 4048 1652 4127; x_wconf 68' lang='lat' dir='ltr'><strong>totamm</strong></span> <span class='ocrx_word' id='word_1_250' title='bbox 1672 4048 1745 4119; x_wconf 70' lang='lat' dir='ltr'><strong>tuae</strong></span> <span class='ocrx_word' id='word_1_251' title='bbox 1765 4049 1991 4130; x_wconf 72' lang='lat' dir='ltr'><strong>adiuratum.</strong></span> 
     </span>
     <span class='ocr_line' id='line_1_23' title="bbox 272 4146 1994 4230; baseline 0.002 -18"><span class='ocrx_word' id='word_1_252' title='bbox 272 4146 396 4214; x_wconf 83' lang='lat' dir='ltr'><strong>Heaut.</strong></span> <span class='ocrx_word' id='word_1_253' title='bbox 429 4150 491 4214; x_wconf 85' lang='lat'><strong>895</strong></span> <span class='ocrx_word' id='word_1_254' title='bbox 523 4148 627 4229; x_wconf 79' lang='lat' dir='ltr'><strong>Maqte</strong></span> <span class='ocrx_word' id='word_1_255' title='bbox 657 4166 761 4211; x_wconf 81' lang='lat' dir='ltr'><strong>unam</strong></span> <span class='ocrx_word' id='word_1_256' title='bbox 792 4149 888 4212; x_wconf 83' lang='lat' dir='ltr'><strong>ettam</strong></span> <span class='ocrx_word' id='word_1_257' title='bbox 914 4148 1043 4228; x_wconf 81' lang='lat' dir='ltr'><strong>instare,</strong></span> <span class='ocrx_word' id='word_1_258' title='bbox 1064 4150 1102 4212; x_wconf 82' lang='lat' dir='ltr'><strong>nt</strong></span> <span class='ocrx_word' id='word_1_259' title='bbox 1121 4147 1210 4212; x_wconf 81' lang='lat' dir='ltr'><strong>bodie</strong></span> <span class='ocrx_word' id='word_1_260' title='bbox 1230 4149 1436 4227; x_wconf 66' lang='lat' dir='ltr'><strong>annotatur</strong></span> <span class='ocrx_word' id='word_1_261' title='bbox 1457 4149 1586 4230; x_wconf 75' lang='lat' dir='ltr'><strong>napta.</strong></span> <span class='ocrx_word' id='word_1_262' title='bbox 1629 4147 1760 4213; x_wconf 89' lang='lat' dir='ltr'><strong>Phorm.</strong></span> <span class='ocrx_word' id='word_1_263' title='bbox 1782 4150 1824 4214; x_wconf 88' lang='grc'><strong>92</strong></span> <span class='ocrx_word' id='word_1_264' title='bbox 1845 4165 1895 4229; x_wconf 94' lang='lat' dir='ltr'><strong>sq.</strong></span> <span class='ocrx_word' id='word_1_265' title='bbox 1918 4148 1994 4216; x_wconf 85' lang='lat' dir='ltr'><strong>Nos</strong></span> 
     </span>
     <span class='ocr_line' id='line_1_24' title="bbox 272 4246 1994 4330; baseline 0.002 -18"><span class='ocrx_word' id='word_1_266' title='bbox 272 4247 436 4329; x_wconf 79' lang='lat' dir='ltr'><strong>mirarier,</strong></span> <span class='ocrx_word' id='word_1_267' title='bbox 468 4265 621 4330; x_wconf 77' lang='lat' dir='ltr'><strong>roqamas</strong></span> <span class='ocrx_word' id='word_1_268' title='bbox 651 4247 730 4328; x_wconf 82' lang='lat' dir='ltr'><strong>quid</strong></span> <span class='ocrx_word' id='word_1_269' title='bbox 760 4248 810 4312; x_wconf 82' lang='lat' dir='ltr'><strong>sit.</strong></span> <span class='ocrx_word' id='word_1_270' title='bbox 857 4246 1125 4327; x_wconf 70' lang='lat' dir='ltr'><strong>nusquam</strong></span> <span class='ocrx_word' id='word_1_271' title='bbox 1145 4247 1224 4328; x_wconf 80' lang='lat' dir='ltr'><strong>qaid</strong></span> <span class='ocrx_word' id='word_1_272' title='bbox 1244 4251 1349 4330; x_wconf 76' lang='lat' dir='ltr'><strong>operat</strong></span> <span class='ocrx_word' id='word_1_273' title='bbox 1368 4249 1494 4313; x_wconf 79' lang='lat' dir='ltr'><strong>nescire.</strong></span> <span class='ocrx_word' id='word_1_274' title='bbox 1538 4246 1620 4313; x_wconf 89' lang='lat' dir='ltr'><strong>Heo.</strong></span> <span class='ocrx_word' id='word_1_275' title='bbox 1647 4249 1706 4313; x_wconf 90' lang='grc'><strong>120</strong></span> <span class='ocrx_word' id='word_1_276' title='bbox 1727 4265 1777 4328; x_wconf 90' lang='lat' dir='ltr'><strong>sq.</strong></span> <span class='ocrx_word' id='word_1_277' title='bbox 1800 4247 1860 4313; x_wconf 78' lang='lat' dir='ltr'><strong>rue</strong></span> <span class='ocrx_word' id='word_1_278' title='bbox 1874 4250 1994 4330; x_wconf 76' lang='lat' dir='ltr'><strong>mimo</strong></span> 
     </span>
     <span class='ocr_line' id='line_1_25' title="bbox 272 4347 1993 4429; baseline 0.002 -17"><span class='ocrx_word' id='word_1_279' title='bbox 272 4364 305 4412; x_wconf 85' lang='lat' dir='ltr'><strong>se</strong></span> <span class='ocrx_word' id='word_1_280' title='bbox 335 4365 464 4429; x_wconf 69' lang='lat' dir='ltr'><strong>mmmm</strong></span> <span class='ocrx_word' id='word_1_281' title='bbox 493 4348 549 4412; x_wconf 84' lang='lat' dir='ltr'><strong>sed</strong></span> <span class='ocrx_word' id='word_1_282' title='bbox 567 4351 740 4429; x_wconf 65' lang='lat' dir='ltr'><strong>posquam</strong></span> <span class='ocrx_word' id='word_1_283' title='bbox 762 4348 871 4411; x_wconf 78' lang='lat' dir='ltr'><strong>nortus</strong></span> <span class='ocrx_word' id='word_1_284' title='bbox 884 4350 981 4428; x_wconf 76' lang='lat' dir='ltr'><strong>pater</strong></span> <span class='ocrx_word' id='word_1_285' title='bbox 1002 4347 1107 4426; x_wconf 83' lang='lat' dir='ltr'><strong>instat,</strong></span> <span class='ocrx_word' id='word_1_286' title='bbox 1130 4347 1208 4429; x_wconf 80' lang='lat' dir='ltr'><strong>feeit.</strong></span> <span class='ocrx_word' id='word_1_287' title='bbox 1254 4349 1313 4412; x_wconf 84' lang='grc'><strong>164</strong></span> <span class='ocrx_word' id='word_1_288' title='bbox 1335 4365 1408 4429; x_wconf 94' lang='lat' dir='ltr'><strong>sqq.</strong></span> <span class='ocrx_word' id='word_1_289' title='bbox 1430 4347 1510 4411; x_wconf 85' lang='lat' dir='ltr'><strong>Hoeo</strong></span> <span class='ocrx_word' id='word_1_290' title='bbox 1532 4396 1538 4411; x_wconf 94' lang='lat'>.</span> <span class='ocrx_word' id='word_1_291' title='bbox 1563 4397 1570 4412; x_wconf 93' lang='lat'>.</span> <span class='ocrx_word' id='word_1_292' title='bbox 1595 4397 1602 4412; x_wconf 93' lang='lat'>.</span> <span class='ocrx_word' id='word_1_293' title='bbox 1618 4347 1747 4428; x_wconf 73' lang='lat' dir='ltr'><strong>prodens</strong></span> <span class='ocrx_word' id='word_1_294' title='bbox 1768 4348 1917 4429; x_wconf 77' lang='lat' dir='ltr'><strong>modesta,</strong></span> <span class='ocrx_word' id='word_1_295' title='bbox 1941 4350 1993 4416; x_wconf 81' lang='lat' dir='ltr'><strong>in·</strong></span> 
     </span>
     <span class='ocr_line' id='line_1_26' title="bbox 273 4445 1994 4530; baseline 0.002 -18"><span class='ocrx_word' id='word_1_296' title='bbox 273 4448 436 4512; x_wconf 82' lang='lat' dir='ltr'><strong>omnmoda</strong></span> <span class='ocrx_word' id='word_1_297' title='bbox 457 4451 549 4530; x_wconf 80' lang='lat' dir='ltr'><strong>atque</strong></span> <span class='ocrx_word' id='word_1_298' title='bbox 569 4449 710 4512; x_wconf 74' lang='lat' dir='ltr'><strong>intumas</strong></span> <span class='ocrx_word' id='word_1_299' title='bbox 729 4448 798 4511; x_wconf 80' lang='lat' dir='ltr'><strong>miri</strong></span> <span class='ocrx_word' id='word_1_300' title='bbox 818 4448 921 4511; x_wconf 72' lang='lat' dir='ltr'><strong>omme</strong></span> <span class='ocrx_word' id='word_1_301' title='bbox 941 4447 1024 4529; x_wconf 77' lang='lat' dir='ltr'><strong>serre</strong></span> <span class='ocrx_word' id='word_1_302' title='bbox 1045 4451 1074 4511; x_wconf 85' lang='lat' dir='ltr'><strong>et</strong></span> <span class='ocrx_word' id='word_1_303' title='bbox 1095 4450 1190 4528; x_wconf 72' lang='lat' dir='ltr'><strong>tepere</strong></span> <span class='ocrx_word' id='word_1_304' title='bbox 1210 4447 1421 4513; x_wconf 80' lang='lat' dir='ltr'><strong>contumelias.</strong></span> <span class='ocrx_word' id='word_1_305' title='bbox 1468 4449 1525 4513; x_wconf 88' lang='grc'><strong>181</strong></span> <span class='ocrx_word' id='word_1_306' title='bbox 1548 4464 1621 4527; x_wconf 89' lang='lat' dir='ltr'><strong>sqq.</strong></span> <span class='ocrx_word' id='word_1_307' title='bbox 1643 4445 1681 4511; x_wconf 84' lang='lat' dir='ltr'><strong>St</strong></span> <span class='ocrx_word' id='word_1_308' title='bbox 1702 4449 1829 4528; x_wconf 69' lang='lat' dir='ltr'><strong>qomodo</strong></span> <span class='ocrx_word' id='word_1_309' title='bbox 1849 4448 1894 4513; x_wconf 80' lang='lat' dir='ltr'><strong>act</strong></span> <span class='ocrx_word' id='word_1_310' title='bbox 1914 4466 1994 4516; x_wconf 81' lang='lat' dir='ltr'><strong>eam</strong></span> 
     </span>
     <span class='ocr_line' id='line_1_27' title="bbox 273 4547 1993 4630; baseline 0.001 -18"><span class='ocrx_word' id='word_1_311' title='bbox 273 4552 443 4612; x_wconf 74' lang='lat' dir='ltr'><strong>accesserat</strong></span> <span class='ocrx_word' id='word_1_312' title='bbox 472 4547 717 4630; x_wconf 72' lang='lat' dir='ltr'><strong>confabulatum,</strong></span> <span class='ocrx_word' id='word_1_313' title='bbox 749 4548 857 4629; x_wconf 65' lang='lat' dir='ltr'><strong>tepere</strong></span> <span class='ocrx_word' id='word_1_314' title='bbox 887 4565 903 4610; x_wconf 84' lang='lat' dir='ltr'><strong>e</strong></span> <span class='ocrx_word' id='word_1_315' title='bbox 927 4550 1086 4629; x_wconf 67' lang='lat' dir='ltr'><strong>mmmm</strong></span> <span class='ocrx_word' id='word_1_316' title='bbox 1106 4548 1184 4627; x_wconf 83' lang='lat' dir='ltr'><strong>itioo,</strong></span> <span class='ocrx_word' id='word_1_317' title='bbox 1207 4547 1316 4612; x_wconf 81' lang='lat' dir='ltr'><strong>nidere</strong></span> <span class='ocrx_word' id='word_1_318' title='bbox 1335 4547 1430 4625; x_wconf 58' lang='lat' dir='ltr'><strong>mtto·</strong></span> <span class='ocrx_word' id='word_1_319' title='bbox 1451 4547 1581 4627; x_wconf 69' lang='lat' dir='ltr'><strong>cneque</strong></span> <span class='ocrx_word' id='word_1_320' title='bbox 1601 4547 1657 4610; x_wconf 78' lang='lat' dir='ltr'><strong>abi</strong></span> <span class='ocrx_word' id='word_1_321' title='bbox 1677 4564 1739 4611; x_wconf 83' lang='lat' dir='ltr'><strong>non</strong></span> <span class='ocrx_word' id='word_1_322' title='bbox 1760 4549 1829 4629; x_wconf 80' lang='lat' dir='ltr'><strong>quit</strong></span> <span class='ocrx_word' id='word_1_323' title='bbox 1842 4549 1926 4630; x_wconf 80' lang='lat' dir='ltr'><strong>pati,</strong></span> <span class='ocrx_word' id='word_1_324' title='bbox 1947 4550 1993 4615; x_wconf 81' lang='lat' dir='ltr'><strong>st-</strong></span> 
     </span>
     <span class='ocr_line' id='line_1_28' title="bbox 272 4645 1993 4726; baseline 0.002 -15"><span class='ocrx_word' id='word_1_325' title='bbox 272 4647 379 4712; x_wconf 84' lang='lat' dir='ltr'><strong>mutat</strong></span> <span class='ocrx_word' id='word_1_326' title='bbox 398 4647 442 4712; x_wconf 80' lang='lat' dir='ltr'><strong>ad</strong></span> <span class='ocrx_word' id='word_1_327' title='bbox 462 4651 601 4712; x_wconf 80' lang='lat' dir='ltr'><strong>nmtrem</strong></span> <span class='ocrx_word' id='word_1_328' title='bbox 622 4648 738 4711; x_wconf 76' lang='lat' dir='ltr'><strong>accerst</strong></span> <span class='ocrx_word' id='word_1_329' title='bbox 759 4646 804 4710; x_wconf 78' lang='lat' dir='ltr'><strong>act</strong></span> <span class='ocrx_word' id='word_1_330' title='bbox 824 4664 893 4711; x_wconf 79' lang='lat' dir='ltr'><strong>rma</strong></span> <span class='ocrx_word' id='word_1_331' title='bbox 915 4645 1072 4726; x_wconf 82' lang='lat' dir='ltr'><strong>altuinum,</strong></span> <span class='ocrx_word' id='word_1_332' title='bbox 1094 4647 1168 4712; x_wconf 85' lang='lat' dir='ltr'><strong>abit.</strong></span> <span class='ocrx_word' id='word_1_333' title='bbox 1212 4648 1274 4712; x_wconf 92' lang='grc'><strong>826</strong></span> <span class='ocrx_word' id='word_1_334' title='bbox 1294 4646 1354 4711; x_wconf 82' lang='lat' dir='ltr'><strong>rue</strong></span> <span class='ocrx_word' id='word_1_335' title='bbox 1374 4647 1460 4712; x_wconf 84' lang='lat' dir='ltr'><strong>altas</strong></span> <span class='ocrx_word' id='word_1_336' title='bbox 1481 4664 1532 4710; x_wconf 82' lang='lat' dir='ltr'><strong>res</strong></span> <span class='ocrx_word' id='word_1_337' title='bbox 1552 4663 1644 4726; x_wconf 79' lang='lat' dir='ltr'><strong>apere</strong></span> <span class='ocrx_word' id='word_1_338' title='bbox 1658 4664 1691 4710; x_wconf 83' lang='lat' dir='ltr'><strong>se</strong></span> <span class='ocrx_word' id='word_1_339' title='bbox 1705 4648 1870 4713; x_wconf 80' lang='lat' dir='ltr'><strong>simulare.</strong></span> <span class='ocrx_word' id='word_1_340' title='bbox 1902 4647 1993 4714; x_wconf 80' lang='lat' dir='ltr'><strong>Post</strong></span> 
     </span>
     <span class='ocr_line' id='line_1_29' title="bbox 273 4743 1994 4828; baseline 0.003 -18"><span class='ocrx_word' id='word_1_341' title='bbox 273 4764 372 4827; x_wconf 81' lang='lat' dir='ltr'><strong>qaam</strong></span> <span class='ocrx_word' id='word_1_342' title='bbox 393 4746 492 4827; x_wconf 80' lang='lat' dir='ltr'><strong>uideo,</strong></span> <span class='ocrx_word' id='word_1_343' title='bbox 514 4748 613 4811; x_wconf 80' lang='lat' dir='ltr'><strong>nascio</strong></span> <span class='ocrx_word' id='word_1_344' title='bbox 633 4745 711 4828; x_wconf 81' lang='lat' dir='ltr'><strong>quid</strong></span> <span class='ocrx_word' id='word_1_345' title='bbox 731 4747 935 4827; x_wconf 77' lang='lat' dir='ltr'><strong>snspicarter,</strong></span> <span class='ocrx_word' id='word_1_346' title='bbox 956 4747 1063 4828; x_wconf 69' lang='lat' dir='ltr'><strong>mauis</strong></span> <span class='ocrx_word' id='word_1_347' title='bbox 1083 4747 1165 4828; x_wconf 81' lang='lat' dir='ltr'><strong>coepi</strong></span> <span class='ocrx_word' id='word_1_348' title='bbox 1186 4747 1314 4810; x_wconf 83' lang='lat' dir='ltr'><strong>instare.</strong></span> <span class='ocrx_word' id='word_1_349' title='bbox 1359 4747 1422 4810; x_wconf 83' lang='lat' dir='ltr'><strong>Ad.</strong></span> <span class='ocrx_word' id='word_1_350' title='bbox 1445 4747 1486 4810; x_wconf 80' lang='lat'><strong>44</strong></span> <span class='ocrx_word' id='word_1_351' title='bbox 1500 4762 1573 4825; x_wconf 92' lang='lat' dir='ltr'><strong>sqq.</strong></span> <span class='ocrx_word' id='word_1_352' title='bbox 1596 4743 1659 4810; x_wconf 78' lang='lat' dir='ltr'><strong>Itte</strong></span> <span class='ocrx_word' id='word_1_353' title='bbox 1673 4750 1781 4811; x_wconf 80' lang='lat' dir='ltr'><strong>eontra</strong></span> <span class='ocrx_word' id='word_1_354' title='bbox 1799 4747 1994 4815; x_wconf 76' lang='lat' dir='ltr'><strong>haecomnia</strong></span> 
     </span>
    </p>
   </div>
   <div class='ocr_carea' id='block_1_5' title="bbox 382 4988 1050 5067">
    <p class='ocr_par' dir='ltr' id='par_1_6' title="bbox 382 4988 1050 5067">
     <span class='ocr_line' id='line_1_30' title="bbox 382 4988 1050 5067; baseline -0.003 -17"><span class='ocrx_word' id='word_1_355' title='bbox 382 5000 401 5062; x_wconf 87' lang='lat'><strong>¹)</strong></span> <span class='ocrx_word' id='word_1_356' title='bbox 421 4995 494 5051; x_wconf 84' lang='lat' dir='ltr'><strong>Sunt</strong></span> <span class='ocrx_word' id='word_1_357' title='bbox 513 4996 560 5067; x_wconf 90' lang='lat' dir='ltr'><strong>qui</strong></span> <span class='ocrx_word' id='word_1_358' title='bbox 579 4988 641 5050; x_wconf 83' lang='lat' dir='ltr'><strong>eum</strong></span> <span class='ocrx_word' id='word_1_359' title='bbox 660 4993 884 5050; x_wconf 82' lang='lat' dir='ltr'><strong>adumbretivum</strong></span> <span class='ocrx_word' id='word_1_360' title='bbox 904 4995 1050 5065; x_wconf 83' lang='lat' dir='ltr'><strong>appellent.</strong></span> 
     </span>
    </p>
   </div>
   <div class='ocr_carea' id='block_1_6' title="bbox 0 0 2277 5858">
    <p class='ocr_par' dir='ltr' id='par_1_7' title="bbox 0 0 2277 5858">
     <span class='ocr_line' id='line_1_31' title="bbox 0 0 2277 5858; baseline 0 0"><span class='ocrx_word' id='word_1_361' title='bbox 0 0 2277 5858; x_wconf 95' lang='lat' dir='ltr'><strong> </strong></span> 
     </span>
    </p>
   </div>
  </div>
 </body>
</html>
