4524 5858
1061 424 1218 490 -17-

377 579 476 642 tanat.
520 577 583 642 His
614 593 746 657 quoque
772 577 996 643 locutionibus
1020 577 1199 657 aliquando
1220 576 1301 642 talis
1323 577 1376 644 vis
1398 578 1583 662 subiicitur,
1606 583 1646 645 nt
1668 582 1857 648 enuntiatio
1880 599 1996 649 secun·

280 677 374 742 daria
396 676 631 743 connectione
651 675 709 742 iila
731 677 770 740 ut
792 676 931 741 inducta
952 679 1126 757 sequatur.

377 775 459 843 Hec.
482 777 544 841 243
565 774 636 840 Scio
651 825 658 841 .
676 825 683 841 .
700 824 707 840 .
722 793 830 840 meum
851 776 904 842 ius
926 793 990 840 esse
1010 779 1048 840 ut
1068 778 1094 839 te
1114 793 1223 857 copam
1245 774 1382 855 (“skuile
1404 777 1519 844 kunna
1541 778 1696 860 tvingab.

376 876 508 943 Phorm.
531 877 594 941 204
615 874 687 940 ΑΝ.
709 874 784 940 Non
804 892 879 940 nrm
900 878 980 957 aput
1000 891 1058 940 me.
1103 872 1169 940 GE.
1192 875 1293 957 Atqui
1313 892 1398 957 opus
1420 879 1466 942 est
1485 895 1570 943 nunc
1590 896 1662 944 cum
1685 881 1829 946 maxime
1848 886 1886 946 ut
1904 883 1958 947 sis.

1010 997 1023 1063 β
1085 990 1254 1058 enitivo:

378 1109 482 1173 Andr.
508 1110 567 1174 186
588 1125 639 1189 sq.
662 1107 724 1173 Sed
744 1126 829 1172 nunc
849 1126 886 1173 eu
907 1125 958 1173 me
979 996 1143 1190 eugurgrere
1163 1108 1267 1189 iniqui
1281 1110 1393 1190 patris
1414 1113 1468 1176 est.

939 1245 968 1318 5)
990 1258 1161 1306 55555515
1183 1242 1336 1321 inflatilia:

379 1359 504 1425 Η5551.
527 1358 820 1441 82415555551,
841 1358 920 1423 uelle
942 1360 969 1423 te
989 1357 1025 1423 id
1045 1357 1129 1439 pau
1149 1375 1211 1423 non
1226 1360 1329 1440 potest
1348 1360 1522 1440 coniinpcre
1544 1365 1585 1438 (v.
1608 1378 1684 1443 pag.
1708 1362 1769 1439 29).

776 1509 807 1584 2)
829 1520 927 1573 cum
948 1505 1094 1573 verbis
1116 1507 1480 1587 impersonalibus

377 1626 459 1691 Eun.
483 1627 545 1691 486
566 1626 720 1706 Apparet
740 1642 867 1688 sanam
888 1624 971 1688 uum
992 1642 1064 1689 csse.

376 1725 458 1790 Eun.
482 1726 543 1790 494
565 1741 615 1804 sq.
648 1723 750 1790 Haud
778 1725 936 1791 conuenit
957 1742 1025 1789 una
1047 1725 1094 1789 ire
1114 1741 1187 1788 cum
1208 1724 1315 1789 amun
1336 1725 1571 1806 imperatorem.
1615 1725 1739 1792 Η5551.
1766 1729 1824 1792 165
1847 1744 1897 1808 sq.
1920 1728 1995 1793 Non

276 1827 441 1890 conuenit.
459 1873 467 1890 .
485 1875 491 1890 .
507 1842 558 1889 nu
578 1826 688 1906 mcum
708 1825 824 1907 supere.

376 1924 481 1990 Andr.
507 1927 545 1989 15
566 1941 617 2006 sq.
641 1924 815 2006 Dispumnt
834 1924 1050 1988 mntamimri
1070 1940 1133 1987 mn
1156 1923 1274 1989 decere
1296 1923 1434 2007 fabriles.

376 2025 459 2090 Eun.
481 2026 543 2090 832
565 2042 616 2105 sq.
638 2025 804 2107 Dispudet
824 2025 870 2088 sic
890 2023 972 2087 milti
993 2023 1071 2088 deur
1092 2040 1157 2087 esse
1177 2023 1284 2089 rurba.

376 2124 425 2190 De
446 2124 532 2191 dolet
552 2125 617 2190 Ad.
640 2126 701 2189 272
722 2141 773 2204 sq.
797 2125 917 2189 51682
940 2141 970 2188 r.
993 2140 1069 2205 pag.
1093 2125 1142 2188 29.

376 2223 501 2290 Η5551.
523 2225 586 2289 514
606 2223 699 2288 Num
718 2241 769 2288 uu
791 2222 908 2289 ieiellit
928 2223 1015 2288 besec
1035 2223 1071 2287 id
1091 2225 1235 2287 smum?

375 2323 481 2389 Andr.
503 2325 566 2389 958
586 2323 669 2387 Mili
689 2340 774 2387 nunc
793 2323 839 2387 sic
859 2340 924 2387 esce
943 2323 999 2387 lioc
1018 2340 1134 2387 uuum
1156 2323 1259 2388 lubet.

375 2422 500 2488 Heaut.
523 2425 585 2488 666
605 2422 680 2487 Non
700 2422 780 2488 licet
800 2423 959 2487 hominem
979 2440 1043 2487 esse
1063 2440 1146 2504 sccpe
1167 2424 1213 2486 iia
1227 2426 1264 2486 ui
1277 2423 1350 2487 uolt.
1387 2424 1449 2487 672
1464 2421 1548 2486 Licet
1560 2439 1611 2486 me
1627 2423 1722 2487 15155
1738 2426 1809 2487 15515
1823 2424 1992 2491 ubsoedere.

376 2522 500 2588 Heaut.
523 2524 585 2587 260
607 2539 657 2603 sq.
684 2521 831 2604 Miseret,
853 2522 1050 2604 quilianum
1071 2539 1175 2587 mores
1195 2522 1344 2587 cantabat
1364 2521 1454 2600 utini,
1476 2523 1636 2586 monuisse
1655 2524 1783 2605 praua
1804 2542 1900 2604 neque
1920 2543 1993 2590 acm

269 2623 411 2702 potuuse
430 2640 588 2704 umplam
610 2624 650 2687 ab
671 2622 731 2687 bac
751 2639 802 2687 me
822 2623 982 2705 erpellere.
1260 2627 1262 2630 ’

373 2721 478 2787 Andr.
500 2723 563 2787 238
584 2738 635 2802 sq.
657 2722 769 2786 Neam
791 2723 939 2803 oportuit
954 2721 1123 2803 pressisse
1144 2739 1194 2785 nte
1214 2722 1308 2786 antei
1351 2721 1413 2785 544
1436 2720 1535 2801 munci
1556 2720 1611 2785 boe
1633 2724 1659 2785 ie
1679 2722 1800 2786 mando
1821 2741 1843 2787 a
1863 2740 1914 2788 me
1934 2725 1992 2789 im·

267 2826 399 2903 petrare
419 2825 564 2904 mutent.
610 2823 671 2888 786
691 2821 787 2886 Hanc
807 2823 876 2886 mm
896 2825 1014 2903 oportet
1033 2823 1067 2885 in
1088 2822 1266 2885 5515151551
1287 2821 1360 2885 irinc
1381 2821 1497 2902 abripi.
1540 2821 1623 2887 Eun.
1646 2824 1688 2886 80
1711 2821 1798 2902 Quod
1812 2840 1869 2886 nos
1882 2841 1993 2905 cupere

273 2925 396 3004 (parui,
419 2921 485 2985 boec
505 2923 673 3003 intercepit.
716 2923 776 2987 981
800 2939 851 3002 sq.
876 2920 1021 3002 Oporluit
1040 2939 1109 2986 reru
1126 2939 1355 3003 praenarrasse
1375 2938 1434 2984 nae.
1481 2921 1561 2985 1012
1581 2919 1698 2984 Ilicem
1718 2921 1842 2986 medem
1862 2940 1900 2986 ea
1921 2941 1993 3004 aure

273 3023 345 3086 dmi
375 3023 511 3103 oportuit
544 3023 591 3085 tel
633 3020 757 3087 Η5551.
780 3023 841 3086 247
863 3021 937 3085 Non
958 3021 1096 3103 oportuit
1114 3022 1249 3086 relictas.
1293 3023 1355 3086 536
1375 3020 1456 3085 Hoec
1476 3021 1562 3102 sacto
1583 3021 1624 3084 ab
1645 3021 1700 3085 illo
1721 3023 1886 3103 oportebat.
1930 3026 1992 3089 546

276 3122 316 3186 Te
346 3121 496 3187 adiutare
526 3124 651 3203 oportet.
704 3122 767 3186 665
795 3119 1024 3202 internuptam
1045 3122 1189 3202 oportent.
1233 3120 1364 3186 Phorm.
1389 3122 1429 3185 70
1450 3120 1565 3202 Repem
1586 3138 1637 3184 me
1657 3138 1721 3184 esse
1741 3123 1885 3202 oportuit.
1930 3124 1992 3188 222

179 3210 183 3218 ‘
272 3220 314 3286 id
334 3222 558 3303 nosmetipsos
578 3223 680 3304 [acme
700 3223 823 3302 oportet.
861 3221 920 3285 241
937 3237 987 3300 sq.
1006 3219 1140 3286 Omnis.
1157 3269 1164 3286 .
1182 3220 1355 3286 ‚medium
1368 3236 1474 3285 secum
1488 3222 1612 3301 oportet.
1648 3222 1709 3285 851
1725 3219 1991 3286 Familiariorem

273 3325 390 3403 oportet
403 3339 466 3386 essc
480 3322 572 3387 bunc.
606 3321 688 3388 Hec.
705 3322 766 3386 273
787 3320 838 3384 Mc
859 3321 998 3385 transm
1019 3320 1187 3402 adfurum
1202 3321 1270 3383 iam
1285 3323 1409 3401 oportet.
1443 3320 1504 3384 448
1519 3335 1569 3399 sq.
1582 3319 1882 3401 Meparentipolius
1892 3338 1991 3400 mmm

272 3422 379 3486 umori
399 3422 523 3503 obscum
544 3424 683 3503 oportet..
724 3422 785 3486 774
807 3436 856 3500 55.
879 3419 1051 3501 Pamphilo
1071 3437 1123 3484 me
1141 3421 1244 3502 secere
1264 3422 1302 3483 ut
1320 3418 1429 3482 redeat
1449 3436 1533 3482 uuor
1553 3422 1677 3500 oportet.
1721 3419 1786 3484 Ad.
1811 3421 1830 3484 4
1852 3436 1902 3499 sq.
1930 3420 1992 3485 Uos

271 3522 399 3601 iudt'ces,
434 3520 548 3586 luudin
578 3539 623 3585 an
654 3520 732 3584 uitio
763 3520 837 3584 duci
868 3521 895 3583 it
923 3520 1045 3601 factem
1067 3523 1213 3602 oporteat.
1257 3521 1319 3584 214
1340 3518 1540 3583 Adulescenti
1560 3536 1682 3582 morem
1701 3522 1824 3599 pesium
1846 3521 1990 3600 oportent.

273 3623 335 3686 503
357 3639 408 3702 sq.
436 3621 497 3685 Uos
518 3639 606 3702 aquo
627 3622 738 3685 auimo
758 3638 851 3700 55555
871 3637 994 3684 noscere
1014 3623 1138 3701 oportet.
1183 3621 1244 3686 672
1266 3636 1316 3698 sq.
1339 3617 1453 3683 Sedere
1474 3619 1611 3699 oportuit
1630 3618 1717 3682 elmeri
1737 3619 1906 3700 uirpiuem.

372 3720 455 3787 Hec.
477 3722 538 3785 647
560 3720 634 3787 Non
657 3721 711 3785 tibi
731 3719 815 3785 illud
834 3719 956 3802 suctum
977 3720 1086 3784 minus
1108 3719 1219 3801 placet
1240 3736 1339 3800 quam
1361 3718 1452 3800 utilit,
1476 3717 1600 3782 incites
1644 3720 1707 3784 866
1722 3718 1830 3783 Placet
1842 3737 1904 3784 non
1917 3721 1990 3800 riui

271 3821 327 3886 iac
348 3820 456 3885 itidem
477 3823 515 3884 ut
534 3821 569 3884 in
590 3820 762 3885 mmoediis.

372 3920 498 3986 Η5551.
521 3922 583 3986 899
617 3921 657 3985 Ut
675 3938 714 3985 ne
729 3920 907 4002 paululum
928 3918 1055 4000 quidem
1078 3918 1214 3985 subolet
1236 3924 1294 3997 (sc.
1317 3918 1398 3983 mihi
1420 3918 1474 3984 vel
1496 3917 1651 3998 cuiquam
1676 3918 1742 3993 alii)
1764 3937 1828 3984 esse
1849 3921 1990 3984 amicam

272 4021 354 4087 laam
378 4020 500 4086 Oliniae.

370 4122 470 4185 donat.
494 4121 514 4184 7.
558 4118 766 4200 Quibusdam
789 4136 832 4185 ex
852 4118 964 4185 verbis
987 4122 1023 4185 et
1044 4117 1267 4184 locutionibus
1289 4117 1569 4199 impersonalibus
1592 4117 1692 4197 (decet,
1715 4121 1839 4201 oportet,
1862 4136 1986 4199 aarum

272 4221 325 4297 esi,
358 4237 436 4300 opus
461 4222 506 4284 est
530 4221 607 4299 551.)
630 4235 722 4300 saepe
744 4234 803 4299 pro
826 4218 928 4283 activi
949 4217 1115 4284 infinitivo
1136 4218 1289 4284 subiecto
1311 4216 1438 4284 diserte
1460 4217 1608 4282 indicato
1630 4221 1769 4283 carente
1791 4217 1920 4298 passivi
1941 4219 1987 4283 in·

273 4317 423 4384 finitivus
446 4318 646 4401 adiungitur,
670 4320 731 4384 551
752 4317 845 4384 solus
867 4315 924 4382 151.
947 4319 1009 4382 551
1030 4316 1171 4395 (obiecto
1192 4315 1348 4382 infinitivi
1368 4317 1403 4381 15
1425 4316 1616 4381 subiectum
1631 4320 1804 4392 converso)
1821 4333 1890 4382 555.
1907 4333 1984 4383 cum

272 4418 341 4484 ini..
384 4417 509 4484 Nostra
531 4421 648 4485 autem
668 4416 783 4497 lingua
804 4417 854 4482 511
876 4417 965 4482 55151
986 4416 1095 4482 forma
1116 4416 1240 4481 activa.

372 4515 511 4597 Aliquot
542 4518 643 4584 huius
676 4515 930 4584 consuetudinis
962 4516 1117 4597 exempla
1147 4516 1218 4582 iam
1243 4517 1324 4581 ante
1346 4514 1460 4581 videre
1480 4515 1584 4597 licuit,
1608 4515 1730 4595 quibus
1751 4532 1841 4580 nunc
1864 4515 1988 4583 addere

273 4632 467 4699 possumus.

372 4715 477 4781 Andr.
499 4717 561 4781 367
581 4717 658 4783 Nisi
679 4734 716 4781 ea
737 4734 808 4798 quoe
827 4715 910 4780 nilril
931 4730 1010 4796 opus
1029 4717 1105 4779 sunt
1126 4715 1208 4794 (obs.
1231 4714 1325 4795 plur.)
1346 4713 1432 4778 sciri.
1475 4711 1601 4779 Η5551.
1614 4713 1676 4778 562
1698 4712 1788 4777 Itane
1808 4714 1880 4793 peri
1900 4731 1987 4795 oper-

273 4817 332 4880 tet?
374 4815 439 4880 Ad.
466 4817 529 4880 659
553 4815 627 4880 Non
652 4819 789 4898 oportere
809 4815 882 4880 burc
902 4814 988 4879 duri.
1032 4815 1094 4879 955
1115 4813 1205 4878 Pieri
1226 4815 1349 4895 oportet.
1394 4814 1457 4877 976
1478 4810 1581 4876 Haud
1602 4812 1768 4876 dubiumst
1787 4813 1865 4893 qum
1886 4814 1987 4878 euritii

272 4916 480 4997 5555515151.

370 5016 469 5079 Annot.
491 5016 518 5078 2.
563 5014 610 5078 De
632 5015 736 5078 Andr.
760 5017 821 5079 796
843 5013 1016 5089 (dictumst)
1039 5012 1115 5077 vide
1137 5029 1212 5092 pag.
1239 5013 1285 5075 10.

1869 5125 1886 5176 5
