<?xml version="1.0" encoding="UTF-8"?>
<!DOCTYPE html PUBLIC "-//W3C//DTD XHTML 1.0 Transitional//EN"
    "http://www.w3.org/TR/xhtml1/DTD/xhtml1-transitional.dtd">
<html xmlns="http://www.w3.org/1999/xhtml" xml:lang="en" lang="en">
 <head>
  <title>
</title>
<meta http-equiv="Content-Type" content="text/html;charset=utf-8" />
  <meta name='ocr-system' content='tesseract 3.04.00' />
  <meta name='ocr-capabilities' content='ocr_page ocr_carea ocr_par ocr_line ocrx_word'/>
</head>
<body>
  <div class='ocr_page' id='page_1' title='image "./deinfinitiviusu00vallgoog_0038.png"; bbox 0 0 4524 5858; ppageno 0'>
   <div class='ocr_carea' id='block_1_1' title="bbox 325 887 1932 1015">
    <p class='ocr_par' dir='ltr' id='par_1_1' title="bbox 325 887 1932 1015">
     <span class='ocr_line' id='line_1_1' title="bbox 325 887 1932 1015; baseline 0.002 -4"><span class='ocrx_word' id='word_1_1' title='bbox 325 887 371 1012; x_wconf 89' lang='lat' dir='ltr'>C.</span> <span class='ocrx_word' id='word_1_2' title='bbox 443 890 572 1011; x_wconf 79' lang='lat' dir='ltr'>Aoo.</span> <span class='ocrx_word' id='word_1_3' title='bbox 615 925 761 1011; x_wconf 87' lang='lat' dir='ltr'>oum</span> <span class='ocrx_word' id='word_1_4' title='bbox 803 888 906 1012; x_wconf 82' lang='lat' dir='ltr'>inf.</span> <span class='ocrx_word' id='word_1_5' title='bbox 943 889 1010 1012; x_wconf 95' lang='lat' dir='ltr'>in</span> <span class='ocrx_word' id='word_1_6' title='bbox 1048 890 1606 1014; x_wconf 83' lang='lat' dir='ltr'>exolametionibus</span> <span class='ocrx_word' id='word_1_7' title='bbox 1645 901 1708 1015; x_wconf 85' lang='lat' dir='ltr'>et</span> <span class='ocrx_word' id='word_1_8' title='bbox 1742 892 1932 1014; x_wconf 75' lang='lat' dir='ltr'>inten-</span> 
     </span>
    </p>
   </div>
   <div class='ocr_carea' id='block_1_2' title="bbox 787 1117 1395 1282">
    <p class='ocr_par' dir='ltr' id='par_1_2' title="bbox 787 1117 1395 1282">
     <span class='ocr_line' id='line_1_2' title="bbox 787 1117 1395 1282; baseline 0.002 -26"><span class='ocrx_word' id='word_1_9' title='bbox 787 1207 791 1217; x_wconf 94' lang='lat'>-</span> <span class='ocrx_word' id='word_1_10' title='bbox 919 1134 1344 1282; x_wconf 75' lang='lat' dir='ltr'>rogationibus</span> <span class='ocrx_word' id='word_1_11' title='bbox 1392 1117 1395 1123; x_wconf 57' lang='grc'><em>’</em></span> 
     </span>
    </p>
   </div>
   <div class='ocr_carea' id='block_1_3' title="bbox 273 1485 1980 1800">
    <p class='ocr_par' dir='ltr' id='par_1_3' title="bbox 273 1485 1980 1800">
     <span class='ocr_line' id='line_1_3' title="bbox 273 1485 1978 1569; baseline 0.002 -20"><span class='ocrx_word' id='word_1_12' title='bbox 273 1500 424 1565; x_wconf 85' lang='lat' dir='ltr'>persaepe</span> <span class='ocrx_word' id='word_1_13' title='bbox 445 1487 638 1566; x_wconf 85' lang='lat' dir='ltr'>usurpatur,</span> <span class='ocrx_word' id='word_1_14' title='bbox 662 1501 727 1566; x_wconf 91' lang='lat' dir='ltr'>quo</span> <span class='ocrx_word' id='word_1_15' title='bbox 749 1486 915 1551; x_wconf 84' lang='lat' dir='ltr'>scribendi</span> <span class='ocrx_word' id='word_1_16' title='bbox 937 1502 1059 1566; x_wconf 82' lang='lat' dir='ltr'>genere</span> <span class='ocrx_word' id='word_1_17' title='bbox 1079 1486 1247 1552; x_wconf 81' lang='lat' dir='ltr'>indicatur</span> <span class='ocrx_word' id='word_1_18' title='bbox 1267 1485 1431 1566; x_wconf 76' lang='lat' dir='ltr'>indignam·</span> <span class='ocrx_word' id='word_1_19' title='bbox 1453 1485 1598 1566; x_wconf 85' lang='lat' dir='ltr'>aliquem</span> <span class='ocrx_word' id='word_1_20' title='bbox 1613 1486 1655 1553; x_wconf 90' lang='lat' dir='ltr'>de</span> <span class='ocrx_word' id='word_1_21' title='bbox 1670 1486 1782 1567; x_wconf 83' lang='lat' dir='ltr'>aliqua</span> <span class='ocrx_word' id='word_1_22' title='bbox 1796 1503 1842 1569; x_wconf 90' lang='lat' dir='ltr'>re,</span> <span class='ocrx_word' id='word_1_23' title='bbox 1858 1486 1978 1568; x_wconf 88' lang='lat' dir='ltr'>dolere,</span> 
     </span>
     <span class='ocr_line' id='line_1_4' title="bbox 274 1600 1980 1688; baseline 0.002 -22"><span class='ocrx_word' id='word_1_24' title='bbox 274 1600 440 1666; x_wconf 68' lang='lat' dir='ltr'>admirare.</span> <span class='ocrx_word' id='word_1_25' title='bbox 493 1600 688 1682; x_wconf 84' lang='lat' dir='ltr'>Saepissime</span> <span class='ocrx_word' id='word_1_26' title='bbox 720 1618 767 1668; x_wconf 88' lang='lat' dir='ltr'>ne</span> <span class='ocrx_word' id='word_1_27' title='bbox 799 1602 944 1686; x_wconf 80' lang='lat' dir='ltr'><strong>additur,</strong></span> <span class='ocrx_word' id='word_1_28' title='bbox 969 1619 1038 1683; x_wconf 83' lang='lat' dir='ltr'>qua</span> <span class='ocrx_word' id='word_1_29' title='bbox 1065 1603 1231 1685; x_wconf 83' lang='lat' dir='ltr'>particula</span> <span class='ocrx_word' id='word_1_30' title='bbox 1251 1602 1494 1684; x_wconf 79' lang='lat' dir='ltr'>interrogativa</span> <span class='ocrx_word' id='word_1_31' title='bbox 1515 1602 1661 1688; x_wconf 83' lang='lat' dir='ltr'>quodam</span> <span class='ocrx_word' id='word_1_32' title='bbox 1682 1603 1790 1686; x_wconf 88' lang='lat' dir='ltr'>modo,</span> <span class='ocrx_word' id='word_1_33' title='bbox 1813 1603 1903 1669; x_wconf 85' lang='lat' dir='ltr'>sitne</span> <span class='ocrx_word' id='word_1_34' title='bbox 1924 1621 1980 1669; x_wconf 85' lang='lat' dir='ltr'>res</span> 
     </span>
     <span class='ocr_line' id='line_1_5' title="bbox 273 1716 1204 1800; baseline 0.002 -20"><span class='ocrx_word' id='word_1_35' title='bbox 273 1734 363 1798; x_wconf 82' lang='lat' dir='ltr'>vere,</span> <span class='ocrx_word' id='word_1_36' title='bbox 384 1716 499 1783; x_wconf 88' lang='lat' dir='ltr'>flen&#39;ne</span> <span class='ocrx_word' id='word_1_37' title='bbox 520 1717 639 1800; x_wconf 78' lang='lat' dir='ltr'>possit,</span> <span class='ocrx_word' id='word_1_38' title='bbox 660 1717 780 1784; x_wconf 90' lang='lat' dir='ltr'>leviter</span> <span class='ocrx_word' id='word_1_39' title='bbox 800 1719 835 1782; x_wconf 89' lang='lat' dir='ltr'>in</span> <span class='ocrx_word' id='word_1_40' title='bbox 857 1718 994 1785; x_wconf 89' lang='lat' dir='ltr'>dubium</span> <span class='ocrx_word' id='word_1_41' title='bbox 1018 1722 1169 1792; x_wconf 83' lang='lat' dir='ltr'>vocatur.</span> <span class='ocrx_word' id='word_1_42' title='bbox 1182 1719 1204 1782; x_wconf 84' lang='lat'>¹)</span> 
     </span>
    </p>
   </div>
   <div class='ocr_carea' id='block_1_4' title="bbox 372 1899 629 1976">
    <p class='ocr_par' dir='ltr' id='par_1_4' title="bbox 372 1899 629 1976">
     <span class='ocr_line' id='line_1_6' title="bbox 372 1899 629 1976; baseline 0.012 -11"><span class='ocrx_word' id='word_1_43' title='bbox 372 1904 405 1976; x_wconf 85' lang='lat' dir='ltr'>a)</span> <span class='ocrx_word' id='word_1_44' title='bbox 426 1899 482 1966; x_wconf 88' lang='lat' dir='ltr'>Ne</span> <span class='ocrx_word' id='word_1_45' title='bbox 503 1902 629 1968; x_wconf 83' lang='lat' dir='ltr'>exstat.</span> 
     </span>
    </p>
   </div>
   <div class='ocr_carea' id='block_1_5' title="bbox 273 2044 1979 2233">
    <p class='ocr_par' dir='ltr' id='par_1_5' title="bbox 273 2044 1979 2233">
     <span class='ocr_line' id='line_1_7' title="bbox 372 2044 1979 2134; baseline 0.002 -20"><span class='ocrx_word' id='word_1_46' title='bbox 372 2050 576 2116; x_wconf 75' lang='lat' dir='ltr'>Annectitur</span> <span class='ocrx_word' id='word_1_47' title='bbox 607 2052 680 2116; x_wconf 85' lang='lat' dir='ltr'>haee</span> <span class='ocrx_word' id='word_1_48' title='bbox 710 2050 878 2132; x_wconf 82' lang='lat' dir='ltr'>particula</span> <span class='ocrx_word' id='word_1_49' title='bbox 909 2051 952 2116; x_wconf 86' lang='lat' dir='ltr'>ad</span> <span class='ocrx_word' id='word_1_50' title='bbox 984 2069 1060 2118; x_wconf 86' lang='lat' dir='ltr'>eam</span> <span class='ocrx_word' id='word_1_51' title='bbox 1085 2052 1327 2121; x_wconf 75' lang='lat' dir='ltr'>enuntiationis</span> <span class='ocrx_word' id='word_1_52' title='bbox 1359 2068 1487 2134; x_wconf 79' lang='lat' dir='ltr'>vocem,</span> <span class='ocrx_word' id='word_1_53' title='bbox 1510 2068 1585 2132; x_wconf 84' lang='lat' dir='ltr'>quae</span> <span class='ocrx_word' id='word_1_54' title='bbox 1607 2051 1756 2118; x_wconf 89' lang='lat' dir='ltr'>omnium</span> <span class='ocrx_word' id='word_1_55' title='bbox 1778 2044 1979 2133; x_wconf 68' lang='lat' dir='ltr'>gremmine</span> 
     </span>
     <span class='ocr_line' id='line_1_8' title="bbox 273 2150 913 2233; baseline 0.003 -18"><span class='ocrx_word' id='word_1_56' title='bbox 273 2152 329 2215; x_wconf 89' lang='lat' dir='ltr'>est</span> <span class='ocrx_word' id='word_1_57' title='bbox 349 2150 490 2230; x_wconf 90' lang='lat' dir='ltr'>ideoque</span> <span class='ocrx_word' id='word_1_58' title='bbox 511 2154 607 2217; x_wconf 91' lang='lat' dir='ltr'>tenet</span> <span class='ocrx_word' id='word_1_59' title='bbox 627 2151 738 2217; x_wconf 88' lang='lat' dir='ltr'>loeum</span> <span class='ocrx_word' id='word_1_60' title='bbox 758 2151 913 2233; x_wconf 88' lang='lat' dir='ltr'>primum.</span> 
     </span>
    </p>
   </div>
   <div class='ocr_carea' id='block_1_6' title="bbox 210 2299 1984 3662">
    <p class='ocr_par' dir='ltr' id='par_1_6' title="bbox 210 2299 1984 3662">
     <span class='ocr_line' id='line_1_9' title="bbox 371 2299 1979 2384; baseline 0.001 -20"><span class='ocrx_word' id='word_1_61' title='bbox 371 2299 476 2365; x_wconf 86' lang='lat' dir='ltr'>Andr.</span> <span class='ocrx_word' id='word_1_62' title='bbox 509 2301 571 2366; x_wconf 88' lang='grc'>245</span> <span class='ocrx_word' id='word_1_63' title='bbox 602 2300 710 2364; x_wconf 80' lang='lat' dir='ltr'>Adeon</span> <span class='ocrx_word' id='word_1_64' title='bbox 742 2300 904 2364; x_wconf 84' lang='lat' dir='ltr'>hominem</span> <span class='ocrx_word' id='word_1_65' title='bbox 934 2321 998 2364; x_wconf 89' lang='lat' dir='ltr'>esse</span> <span class='ocrx_word' id='word_1_66' title='bbox 1027 2301 1242 2364; x_wconf 85' lang='lat' dir='ltr'>inuenustum</span> <span class='ocrx_word' id='word_1_67' title='bbox 1266 2304 1325 2365; x_wconf 89' lang='lat' dir='ltr'>aut</span> <span class='ocrx_word' id='word_1_68' title='bbox 1344 2300 1506 2384; x_wconf 72' lang='lat' dir='ltr'>infelicem</span> <span class='ocrx_word' id='word_1_69' title='bbox 1526 2320 1728 2384; x_wconf 82' lang='lat' dir='ltr'>quemquam,</span> <span class='ocrx_word' id='word_1_70' title='bbox 1748 2305 1786 2364; x_wconf 92' lang='lat' dir='ltr'>ut</span> <span class='ocrx_word' id='word_1_71' title='bbox 1807 2321 1860 2383; x_wconf 70' lang='lat' dir='ltr'>eqo</span> <span class='ocrx_word' id='word_1_72' title='bbox 1880 2303 1979 2365; x_wconf 84' lang='lat' dir='ltr'>sum!</span> 
     </span>
     <span class='ocr_line' id='line_1_10' title="bbox 210 2397 1983 2485; baseline 0.001 -21"><span class='ocrx_word' id='word_1_73' title='bbox 210 2423 214 2432; x_wconf 93' lang='lat'>·</span> <span class='ocrx_word' id='word_1_74' title='bbox 274 2400 335 2464; x_wconf 91' lang='grc'>425</span> <span class='ocrx_word' id='word_1_75' title='bbox 365 2397 508 2462; x_wconf 81' lang='lat' dir='ltr'>Nullane</span> <span class='ocrx_word' id='word_1_76' title='bbox 534 2400 573 2463; x_wconf 90' lang='lat' dir='ltr'>in</span> <span class='ocrx_word' id='word_1_77' title='bbox 592 2419 627 2463; x_wconf 83' lang='lat' dir='ltr'>re</span> <span class='ocrx_word' id='word_1_78' title='bbox 646 2420 711 2463; x_wconf 90' lang='lat' dir='ltr'>esse</span> <span class='ocrx_word' id='word_1_79' title='bbox 728 2400 882 2482; x_wconf 71' lang='lat' dir='ltr'>ntiquom</span> <span class='ocrx_word' id='word_1_80' title='bbox 902 2399 1029 2463; x_wconf 76' lang='lat' dir='ltr'>homini</span> <span class='ocrx_word' id='word_1_81' title='bbox 1047 2400 1165 2483; x_wconf 75' lang='lat' dir='ltr'>fidem!</span> <span class='ocrx_word' id='word_1_82' title='bbox 1201 2403 1270 2472; x_wconf 82' lang='grc'>609</span> <span class='ocrx_word' id='word_1_83' title='bbox 1292 2399 1419 2464; x_wconf 80' lang='lat' dir='ltr'>Seruen</span> <span class='ocrx_word' id='word_1_84' title='bbox 1438 2401 1591 2485; x_wconf 72' lang='lat' dir='ltr'>fortunus</span> <span class='ocrx_word' id='word_1_85' title='bbox 1610 2419 1698 2463; x_wconf 84' lang='lat' dir='ltr'>meas</span> <span class='ocrx_word' id='word_1_86' title='bbox 1718 2420 1768 2463; x_wconf 90' lang='lat' dir='ltr'>me</span> <span class='ocrx_word' id='word_1_87' title='bbox 1788 2401 1983 2465; x_wconf 76' lang='lat' dir='ltr'>commisisse</span> 
     </span>
     <span class='ocr_line' id='line_1_11' title="bbox 272 2497 1979 2583; baseline 0.002 -23"><span class='ocrx_word' id='word_1_88' title='bbox 272 2497 397 2581; x_wconf 75' lang='lat' dir='ltr'>settin!</span> <span class='ocrx_word' id='word_1_89' title='bbox 440 2501 503 2565; x_wconf 88' lang='grc'>689</span> <span class='ocrx_word' id='word_1_90' title='bbox 535 2498 644 2563; x_wconf 63' lang='lat' dir='ltr'>&amp;mne</span> <span class='ocrx_word' id='word_1_91' title='bbox 673 2520 724 2563; x_wconf 88' lang='lat' dir='ltr'>me</span> <span class='ocrx_word' id='word_1_92' title='bbox 753 2505 848 2583; x_wconf 79' lang='lat' dir='ltr'>atque</span> <span class='ocrx_word' id='word_1_93' title='bbox 877 2500 970 2564; x_wconf 89' lang='lat' dir='ltr'>illam</span> <span class='ocrx_word' id='word_1_94' title='bbox 990 2520 1086 2583; x_wconf 79' lang='lat' dir='ltr'>opera</span> <span class='ocrx_word' id='word_1_95' title='bbox 1107 2504 1165 2563; x_wconf 88' lang='lat' dir='ltr'>tun</span> <span class='ocrx_word' id='word_1_96' title='bbox 1184 2520 1274 2563; x_wconf 85' lang='lat' dir='ltr'>nune</span> <span class='ocrx_word' id='word_1_97' title='bbox 1293 2500 1426 2564; x_wconf 83' lang='lat' dir='ltr'>miseros</span> <span class='ocrx_word' id='word_1_98' title='bbox 1446 2499 1633 2564; x_wconf 70' lang='lat' dir='ltr'>sollicitari!</span> <span class='ocrx_word' id='word_1_99' title='bbox 1677 2501 1738 2566; x_wconf 82' lang='lat'>716</span> <span class='ocrx_word' id='word_1_100' title='bbox 1759 2499 1892 2563; x_wconf 75' lang='lat' dir='ltr'>Nihilne</span> <span class='ocrx_word' id='word_1_101' title='bbox 1913 2521 1979 2564; x_wconf 88' lang='lat' dir='ltr'>esse</span> 
     </span>
     <span class='ocr_line' id='line_1_12' title="bbox 267 2598 1982 2683; baseline 0.002 -23"><span class='ocrx_word' id='word_1_102' title='bbox 267 2598 442 2681; x_wconf 79' lang='lat' dir='ltr'>proprium</span> <span class='ocrx_word' id='word_1_103' title='bbox 471 2598 646 2681; x_wconf 76' lang='lat' dir='ltr'>cuiquam!</span> <span class='ocrx_word' id='word_1_104' title='bbox 688 2601 771 2666; x_wconf 86' lang='lat' dir='ltr'>Eun.</span> <span class='ocrx_word' id='word_1_105' title='bbox 793 2601 855 2665; x_wconf 89' lang='grc'>225</span> <span class='ocrx_word' id='word_1_106' title='bbox 876 2617 927 2680; x_wconf 83' lang='lat' dir='ltr'>sq.</span> <span class='ocrx_word' id='word_1_107' title='bbox 959 2600 1070 2663; x_wconf 86' lang='lat' dir='ltr'>Adeon</span> <span class='ocrx_word' id='word_1_108' title='bbox 1096 2600 1240 2674; x_wconf 81' lang='lat' dir='ltr'>immines</span> <span class='ocrx_word' id='word_1_109' title='bbox 1260 2600 1456 2664; x_wconf 86' lang='lat' dir='ltr'>inmutan&#39;er</span> <span class='ocrx_word' id='word_1_110' title='bbox 1476 2621 1514 2664; x_wconf 83' lang='lat' dir='ltr'>ea</span> <span class='ocrx_word' id='word_1_111' title='bbox 1534 2619 1649 2681; x_wconf 85' lang='lat' dir='ltr'>amore,</span> <span class='ocrx_word' id='word_1_112' title='bbox 1669 2604 1708 2663; x_wconf 91' lang='lat' dir='ltr'>ut</span> <span class='ocrx_word' id='word_1_113' title='bbox 1728 2620 1795 2664; x_wconf 91' lang='lat' dir='ltr'>non</span> <span class='ocrx_word' id='word_1_114' title='bbox 1816 2620 1982 2683; x_wconf 70' lang='lat' dir='ltr'>manaseas</span> 
     </span>
     <span class='ocr_line' id='line_1_13' title="bbox 272 2698 1981 2782; baseline 0.002 -21"><span class='ocrx_word' id='word_1_115' title='bbox 272 2698 412 2761; x_wconf 86' lang='lat' dir='ltr'>eundum</span> <span class='ocrx_word' id='word_1_116' title='bbox 442 2702 526 2761; x_wconf 88' lang='lat' dir='ltr'>esse!</span> <span class='ocrx_word' id='word_1_117' title='bbox 569 2701 632 2765; x_wconf 88' lang='grc'>360</span> <span class='ocrx_word' id='word_1_118' title='bbox 663 2698 893 2782; x_wconf 81' lang='lat' dir='ltr'>Numquamne</span> <span class='ocrx_word' id='word_1_119' title='bbox 912 2699 1007 2764; x_wconf 83' lang='lat' dir='ltr'>etiam</span> <span class='ocrx_word' id='word_1_120' title='bbox 1027 2720 1075 2762; x_wconf 85' lang='lat' dir='ltr'>me</span> <span class='ocrx_word' id='word_1_121' title='bbox 1094 2700 1184 2763; x_wconf 86' lang='lat' dir='ltr'>illam</span> <span class='ocrx_word' id='word_1_122' title='bbox 1204 2700 1344 2763; x_wconf 80' lang='lat' dir='ltr'>uidisse!</span> <span class='ocrx_word' id='word_1_123' title='bbox 1387 2699 1675 2766; x_wconf 67' lang='lat' dir='ltr'>testimenium</span> <span class='ocrx_word' id='word_1_124' title='bbox 1694 2699 1981 2764; x_wconf 70' lang='grc' dir='ltr'>0001000νηὶ010-</span> 
     </span>
     <span class='ocr_line' id='line_1_14' title="bbox 272 2798 1979 2883; baseline 0.003 -22"><span class='ocrx_word' id='word_1_125' title='bbox 272 2798 383 2862; x_wconf 84' lang='lat' dir='ltr'>uenire</span> <span class='ocrx_word' id='word_1_126' title='bbox 413 2818 503 2862; x_wconf 87' lang='lat' dir='ltr'>nune</span> <span class='ocrx_word' id='word_1_127' title='bbox 533 2799 633 2862; x_wconf 83' lang='lat' dir='ltr'>milei!</span> <span class='ocrx_word' id='word_1_128' title='bbox 685 2798 810 2866; x_wconf 84' lang='lat' dir='ltr'>Heaut.</span> <span class='ocrx_word' id='word_1_129' title='bbox 832 2801 892 2865; x_wconf 84' lang='lat'>921</span> <span class='ocrx_word' id='word_1_130' title='bbox 917 2799 998 2863; x_wconf 72' lang='lat' dir='ltr'>Tene</span> <span class='ocrx_word' id='word_1_131' title='bbox 1017 2800 1102 2863; x_wconf 83' lang='lat' dir='ltr'>istun</span> <span class='ocrx_word' id='word_1_132' title='bbox 1122 2800 1229 2883; x_wconf 78' lang='lat' dir='ltr'>loqui!</span> <span class='ocrx_word' id='word_1_133' title='bbox 1271 2803 1334 2866; x_wconf 92' lang='lat'>980</span> <span class='ocrx_word' id='word_1_134' title='bbox 1355 2800 1465 2863; x_wconf 82' lang='lat' dir='ltr'>Adeon</span> <span class='ocrx_word' id='word_1_135' title='bbox 1484 2820 1551 2863; x_wconf 85' lang='lat' dir='ltr'>rem</span> <span class='ocrx_word' id='word_1_136' title='bbox 1570 2799 1721 2863; x_wconf 73' lang='lat' dir='ltr'>rediisse!</span> <span class='ocrx_word' id='word_1_137' title='bbox 1763 2800 1895 2865; x_wconf 89' lang='lat' dir='ltr'>Phorm.</span> <span class='ocrx_word' id='word_1_138' title='bbox 1918 2801 1979 2866; x_wconf 82' lang='lat'>153</span> 
     </span>
     <span class='ocr_line' id='line_1_15' title="bbox 273 2898 1984 2983; baseline 0.002 -23"><span class='ocrx_word' id='word_1_139' title='bbox 273 2898 384 2961; x_wconf 83' lang='lat' dir='ltr'>Adeon</span> <span class='ocrx_word' id='word_1_140' title='bbox 414 2918 480 2962; x_wconf 88' lang='lat' dir='ltr'>rem</span> <span class='ocrx_word' id='word_1_141' title='bbox 510 2899 646 2962; x_wconf 83' lang='lat' dir='ltr'>redisse!</span> <span class='ocrx_word' id='word_1_142' title='bbox 688 2901 750 2965; x_wconf 89' lang='lat'>339</span> <span class='ocrx_word' id='word_1_143' title='bbox 774 2899 838 2962; x_wconf 78' lang='lat' dir='ltr'>Ten</span> <span class='ocrx_word' id='word_1_144' title='bbox 857 2898 1054 2982; x_wconf 76' lang='lat' dir='ltr'>asymbolum</span> <span class='ocrx_word' id='word_1_145' title='bbox 1074 2900 1186 2964; x_wconf 84' lang='lat' dir='ltr'>uenire</span> <span class='ocrx_word' id='word_1_146' title='bbox 1205 2906 1340 2964; x_wconf 89' lang='lat' dir='ltr'>unetum</span> <span class='ocrx_word' id='word_1_147' title='bbox 1359 2905 1454 2983; x_wconf 83' lang='lat' dir='ltr'>atque</span> <span class='ocrx_word' id='word_1_148' title='bbox 1475 2901 1619 2963; x_wconf 76' lang='lat' dir='ltr'>mutum!</span> <span class='ocrx_word' id='word_1_149' title='bbox 1663 2901 1724 2967; x_wconf 88' lang='lat'>466</span> <span class='ocrx_word' id='word_1_150' title='bbox 1745 2899 1838 2962; x_wconf 92' lang='lat' dir='ltr'>Itane</span> <span class='ocrx_word' id='word_1_151' title='bbox 1860 2905 1887 2963; x_wconf 93' lang='lat' dir='ltr'>te</span> <span class='ocrx_word' id='word_1_152' title='bbox 1908 2899 1984 2963; x_wconf 72' lang='lat' dir='ltr'>ltine</span> 
     </span>
     <span class='ocr_line' id='line_1_16' title="bbox 272 2997 1983 3082; baseline 0.001 -21"><span class='ocrx_word' id='word_1_153' title='bbox 272 2997 375 3061; x_wconf 81' lang='lat' dir='ltr'>adisse</span> <span class='ocrx_word' id='word_1_154' title='bbox 394 3002 425 3061; x_wconf 88' lang='lat' dir='ltr'>et</span> <span class='ocrx_word' id='word_1_155' title='bbox 444 2998 550 3062; x_wconf 88' lang='lat' dir='ltr'>uitam</span> <span class='ocrx_word' id='word_1_156' title='bbox 572 3004 663 3062; x_wconf 89' lang='lat' dir='ltr'>tunm</span> <span class='ocrx_word' id='word_1_157' title='bbox 684 2999 855 3063; x_wconf 80' lang='lat' dir='ltr'>tutandam</span> <span class='ocrx_word' id='word_1_158' title='bbox 874 2999 951 3062; x_wconf 81' lang='lat' dir='ltr'>aliis</span> <span class='ocrx_word' id='word_1_159' title='bbox 970 2999 1109 3063; x_wconf 84' lang='lat' dir='ltr'>dedisse!</span> <span class='ocrx_word' id='word_1_160' title='bbox 1152 3002 1213 3066; x_wconf 95' lang='grc'>497</span> <span class='ocrx_word' id='word_1_161' title='bbox 1239 3001 1349 3064; x_wconf 84' lang='lat' dir='ltr'>Adeon</span> <span class='ocrx_word' id='word_1_162' title='bbox 1367 3000 1497 3082; x_wconf 68' lang='lat' dir='ltr'>inuenio</span> <span class='ocrx_word' id='word_1_163' title='bbox 1518 2999 1683 3063; x_wconf 83' lang='lat' dir='ltr'>essedum</span> <span class='ocrx_word' id='word_1_164' title='bbox 1706 3002 1753 3063; x_wconf 87' lang='lat' dir='ltr'>te!</span> <span class='ocrx_word' id='word_1_165' title='bbox 1789 3002 1851 3065; x_wconf 90' lang='grc'>499</span> <span class='ocrx_word' id='word_1_166' title='bbox 1871 2999 1983 3062; x_wconf 84' lang='lat' dir='ltr'>Adeon</span> 
     </span>
     <span class='ocr_line' id='line_1_17' title="bbox 274 3098 1982 3183; baseline 0.001 -21"><span class='ocrx_word' id='word_1_167' title='bbox 274 3103 303 3162; x_wconf 88' lang='lat' dir='ltr'>te</span> <span class='ocrx_word' id='word_1_168' title='bbox 322 3119 387 3161; x_wconf 84' lang='lat' dir='ltr'>esse</span> <span class='ocrx_word' id='word_1_169' title='bbox 406 3098 652 3182; x_wconf 69' lang='lat' dir='ltr'>ineoqitanleml</span> <span class='ocrx_word' id='word_1_170' title='bbox 694 3102 756 3166; x_wconf 93' lang='grc'>977</span> <span class='ocrx_word' id='word_1_171' title='bbox 785 3098 928 3163; x_wconf 76' lang='lat' dir='ltr'>Tantane</span> <span class='ocrx_word' id='word_1_172' title='bbox 951 3099 1112 3181; x_wconf 78' lang='lat' dir='ltr'>adfectum</span> <span class='ocrx_word' id='word_1_173' title='bbox 1136 3119 1330 3183; x_wconf 82' lang='lat' dir='ltr'>quemquam</span> <span class='ocrx_word' id='word_1_174' title='bbox 1350 3120 1415 3163; x_wconf 90' lang='lat' dir='ltr'>esse</span> <span class='ocrx_word' id='word_1_175' title='bbox 1434 3099 1597 3163; x_wconf 78' lang='lat' dir='ltr'>hominem</span> <span class='ocrx_word' id='word_1_176' title='bbox 1617 3099 1773 3163; x_wconf 74' lang='lat' dir='ltr'>audacia!</span> <span class='ocrx_word' id='word_1_177' title='bbox 1815 3098 1898 3166; x_wconf 80' lang='lat' dir='ltr'>Hoc.</span> <span class='ocrx_word' id='word_1_178' title='bbox 1920 3102 1982 3166; x_wconf 89' lang='grc'>645</span> 
     </span>
     <span class='ocr_line' id='line_1_18' title="bbox 273 3197 1980 3282; baseline -0.001 -20"><span class='ocrx_word' id='word_1_179' title='bbox 273 3197 381 3262; x_wconf 81' lang='lat' dir='ltr'>Nosne</span> <span class='ocrx_word' id='word_1_180' title='bbox 412 3198 469 3262; x_wconf 83' lang='lat' dir='ltr'>leae</span> <span class='ocrx_word' id='word_1_181' title='bbox 499 3198 611 3262; x_wconf 75' lang='grc'>0010100</span> <span class='ocrx_word' id='word_1_182' title='bbox 642 3206 731 3276; x_wconf 81' lang='lat' dir='ltr'>(asse)</span> <span class='ocrx_word' id='word_1_183' title='bbox 764 3204 831 3263; x_wconf 79' lang='lat' dir='ltr'>mm</span> <span class='ocrx_word' id='word_1_184' title='bbox 861 3199 940 3262; x_wconf 84' lang='lat' dir='ltr'>diu!</span> <span class='ocrx_word' id='word_1_185' title='bbox 992 3200 1122 3265; x_wconf 86' lang='lat' dir='ltr'>Phorm.</span> <span class='ocrx_word' id='word_1_186' title='bbox 1147 3202 1209 3266; x_wconf 89' lang='lat'>810</span> <span class='ocrx_word' id='word_1_187' title='bbox 1240 3199 1317 3263; x_wconf 93' lang='lat' dir='ltr'>Itan</span> <span class='ocrx_word' id='word_1_188' title='bbox 1343 3220 1487 3282; x_wconf 75' lang='lat' dir='ltr'>paneam</span> <span class='ocrx_word' id='word_1_189' title='bbox 1514 3198 1598 3262; x_wconf 83' lang='lat' dir='ltr'>milei</span> <span class='ocrx_word' id='word_1_190' title='bbox 1621 3198 1717 3281; x_wconf 79' lang='lat' dir='ltr'>fidem</span> <span class='ocrx_word' id='word_1_191' title='bbox 1739 3219 1803 3262; x_wconf 88' lang='lat' dir='ltr'>esse</span> <span class='ocrx_word' id='word_1_192' title='bbox 1823 3205 1904 3282; x_wconf 82' lang='lat' dir='ltr'>aput</span> <span class='ocrx_word' id='word_1_193' title='bbox 1930 3202 1980 3262; x_wconf 88' lang='lat' dir='ltr'>te!</span> 
     </span>
     <span class='ocr_line' id='line_1_19' title="bbox 273 3297 1982 3382; baseline 0 -20"><span class='ocrx_word' id='word_1_194' title='bbox 273 3299 338 3365; x_wconf 86' lang='lat' dir='ltr'>Ad.</span> <span class='ocrx_word' id='word_1_195' title='bbox 360 3300 402 3364; x_wconf 83' lang='lat'>38</span> <span class='ocrx_word' id='word_1_196' title='bbox 423 3317 473 3380; x_wconf 85' lang='lat' dir='ltr'>sq.</span> <span class='ocrx_word' id='word_1_197' title='bbox 500 3297 740 3381; x_wconf 75' lang='lat' dir='ltr'>Quemquamne</span> <span class='ocrx_word' id='word_1_198' title='bbox 760 3299 922 3362; x_wconf 78' lang='lat' dir='ltr'>hominem</span> <span class='ocrx_word' id='word_1_199' title='bbox 941 3299 980 3361; x_wconf 89' lang='lat' dir='ltr'>in</span> <span class='ocrx_word' id='word_1_200' title='bbox 999 3298 1111 3363; x_wconf 89' lang='lat' dir='ltr'>animo</span> <span class='ocrx_word' id='word_1_201' title='bbox 1131 3298 1299 3363; x_wconf 81' lang='lat' dir='ltr'>instituere</span> <span class='ocrx_word' id='word_1_202' title='bbox 1314 3319 1434 3382; x_wconf 82' lang='lat' dir='ltr'>parare</span> <span class='ocrx_word' id='word_1_203' title='bbox 1455 3299 1540 3382; x_wconf 83' lang='lat' dir='ltr'>quod</span> <span class='ocrx_word' id='word_1_204' title='bbox 1556 3299 1599 3362; x_wconf 90' lang='lat' dir='ltr'>sit</span> <span class='ocrx_word' id='word_1_205' title='bbox 1619 3299 1729 3363; x_wconf 74' lang='lat' dir='ltr'>eamus</span> <span class='ocrx_word' id='word_1_206' title='bbox 1743 3318 1841 3381; x_wconf 80' lang='lat' dir='ltr'>quam</span> <span class='ocrx_word' id='word_1_207' title='bbox 1855 3299 1923 3382; x_wconf 82' lang='lat' dir='ltr'>ipse</span> <span class='ocrx_word' id='word_1_208' title='bbox 1936 3303 1982 3362; x_wconf 87' lang='lat' dir='ltr'>est</span> 
     </span>
     <span class='ocr_line' id='line_1_20' title="bbox 273 3397 1980 3482; baseline 0.001 -22"><span class='ocrx_word' id='word_1_209' title='bbox 273 3398 357 3461; x_wconf 79' lang='lat' dir='ltr'>siti!</span> <span class='ocrx_word' id='word_1_210' title='bbox 400 3400 461 3464; x_wconf 91' lang='grc'>237</span> <span class='ocrx_word' id='word_1_211' title='bbox 483 3397 606 3462; x_wconf 75' lang='lat' dir='ltr'>Hocine</span> <span class='ocrx_word' id='word_1_212' title='bbox 624 3399 765 3482; x_wconf 74' lang='lat' dir='ltr'>incipere</span> <span class='ocrx_word' id='word_1_213' title='bbox 785 3398 1003 3462; x_wconf 75' lang='lat' dir='ltr'>Aeschinum?</span> <span class='ocrx_word' id='word_1_214' title='bbox 1055 3401 1118 3465; x_wconf 89' lang='grc'>390</span> <span class='ocrx_word' id='word_1_215' title='bbox 1138 3399 1270 3463; x_wconf 79' lang='lat' dir='ltr'>Heeeine</span> <span class='ocrx_word' id='word_1_216' title='bbox 1290 3399 1384 3482; x_wconf 78' lang='lat' dir='ltr'>fieri!</span> <span class='ocrx_word' id='word_1_217' title='bbox 1427 3401 1489 3465; x_wconf 89' lang='grc'>408</span> <span class='ocrx_word' id='word_1_218' title='bbox 1510 3398 1643 3462; x_wconf 78' lang='lat' dir='ltr'>Hceeine</span> <span class='ocrx_word' id='word_1_219' title='bbox 1661 3398 1788 3481; x_wconf 70' lang='lat' dir='ltr'>flayitia</span> <span class='ocrx_word' id='word_1_220' title='bbox 1807 3397 1910 3481; x_wconf 72' lang='lat' dir='ltr'>faeere</span> <span class='ocrx_word' id='word_1_221' title='bbox 1931 3401 1980 3462; x_wconf 83' lang='lat' dir='ltr'>tel</span> 
     </span>
     <span class='ocr_line' id='line_1_21' title="bbox 275 3497 1982 3582; baseline -0.001 -18"><span class='ocrx_word' id='word_1_222' title='bbox 275 3500 338 3564; x_wconf 88' lang='grc'>448</span> <span class='ocrx_word' id='word_1_223' title='bbox 358 3515 409 3580; x_wconf 89' lang='lat' dir='ltr'>sq.</span> <span class='ocrx_word' id='word_1_224' title='bbox 443 3497 496 3562; x_wconf 75' lang='lat' dir='ltr'>lde</span> <span class='ocrx_word' id='word_1_225' title='bbox 522 3499 605 3562; x_wconf 91' lang='lat' dir='ltr'>illan</span> <span class='ocrx_word' id='word_1_226' title='bbox 629 3498 759 3581; x_wconf 74' lang='lat' dir='ltr'>familia</span> <span class='ocrx_word' id='word_1_227' title='bbox 781 3504 847 3563; x_wconf 90' lang='lat' dir='ltr'>tam</span> <span class='ocrx_word' id='word_1_228' title='bbox 867 3498 1033 3562; x_wconf 83' lang='lat' dir='ltr'>inliberale</span> <span class='ocrx_word' id='word_1_229' title='bbox 1052 3498 1183 3582; x_wconf 77' lang='lat' dir='ltr'>sueinus</span> <span class='ocrx_word' id='word_1_230' title='bbox 1203 3520 1267 3563; x_wconf 90' lang='lat' dir='ltr'>esse</span> <span class='ocrx_word' id='word_1_231' title='bbox 1287 3502 1414 3562; x_wconf 86' lang='lat' dir='ltr'>ortum!</span> <span class='ocrx_word' id='word_1_232' title='bbox 1457 3501 1519 3565; x_wconf 89' lang='lat'>610</span> <span class='ocrx_word' id='word_1_233' title='bbox 1540 3516 1591 3579; x_wconf 84' lang='lat' dir='ltr'>sq.</span> <span class='ocrx_word' id='word_1_234' title='bbox 1613 3497 1736 3562; x_wconf 78' lang='lat' dir='ltr'>Hocine</span> <span class='ocrx_word' id='word_1_235' title='bbox 1756 3519 1794 3562; x_wconf 83' lang='lat' dir='ltr'>ea</span> <span class='ocrx_word' id='word_1_236' title='bbox 1813 3498 1982 3580; x_wconf 79' lang='lat' dir='ltr'>inprouiso</span> 
     </span>
     <span class='ocr_line' id='line_1_22' title="bbox 275 3596 1279 3662; baseline 0 0"><span class='ocrx_word' id='word_1_237' title='bbox 275 3597 356 3662; x_wconf 84' lang='lat' dir='ltr'>mali</span> <span class='ocrx_word' id='word_1_238' title='bbox 374 3597 459 3660; x_wconf 77' lang='lat' dir='ltr'>milei</span> <span class='ocrx_word' id='word_1_239' title='bbox 478 3596 560 3661; x_wconf 69' lang='lat' dir='ltr'>abui</span> <span class='ocrx_word' id='word_1_240' title='bbox 580 3601 728 3661; x_wconf 83' lang='lat' dir='ltr'>tantum!</span> <span class='ocrx_word' id='word_1_241' title='bbox 1275 3635 1279 3645; x_wconf 94' lang='lat'>·</span> 
     </span>
    </p>
   </div>
   <div class='ocr_carea' id='block_1_7' title="bbox 373 3781 614 3858">
    <p class='ocr_par' dir='ltr' id='par_1_7' title="bbox 373 3781 614 3858">
     <span class='ocr_line' id='line_1_23' title="bbox 373 3781 614 3858; baseline 0.004 -11"><span class='ocrx_word' id='word_1_242' title='bbox 373 3783 407 3858; x_wconf 87' lang='lat' dir='ltr'>b)</span> <span class='ocrx_word' id='word_1_243' title='bbox 428 3781 460 3846; x_wconf 89' lang='lat' dir='ltr'>N</span> <span class='ocrx_word' id='word_1_244' title='bbox 464 3798 483 3848; x_wconf 92' lang='lat' dir='ltr'>e</span> <span class='ocrx_word' id='word_1_245' title='bbox 505 3783 614 3848; x_wconf 85' lang='lat' dir='ltr'>abest.</span> 
     </span>
    </p>
   </div>
   <div class='ocr_carea' id='block_1_8' title="bbox 268 3929 1981 4797">
    <p class='ocr_par' dir='ltr' id='par_1_8' title="bbox 268 3929 1981 4797">
     <span class='ocr_line' id='line_1_24' title="bbox 373 3929 1981 4015; baseline -0.002 -18"><span class='ocrx_word' id='word_1_246' title='bbox 373 3932 456 3997; x_wconf 82' lang='lat' dir='ltr'>Eun.</span> <span class='ocrx_word' id='word_1_247' title='bbox 480 3933 540 3998; x_wconf 89' lang='grc'>755</span> <span class='ocrx_word' id='word_1_248' title='bbox 566 3930 705 3995; x_wconf 85' lang='lat' dir='ltr'>Militem</span> <span class='ocrx_word' id='word_1_249' title='bbox 728 3951 836 3995; x_wconf 86' lang='lat' dir='ltr'>seeum</span> <span class='ocrx_word' id='word_1_250' title='bbox 856 3932 900 3995; x_wconf 87' lang='lat' dir='ltr'>ad</span> <span class='ocrx_word' id='word_1_251' title='bbox 920 3936 948 3996; x_wconf 88' lang='lat' dir='ltr'>le</span> <span class='ocrx_word' id='word_1_252' title='bbox 968 3936 1107 4014; x_wconf 83' lang='lat' dir='ltr'>quantas</span> <span class='ocrx_word' id='word_1_253' title='bbox 1127 3931 1235 4015; x_wconf 78' lang='lat' dir='ltr'>eopias</span> <span class='ocrx_word' id='word_1_254' title='bbox 1255 3931 1427 3994; x_wconf 68' lang='lat' dir='ltr'>adducere?</span> <span class='ocrx_word' id='word_1_255' title='bbox 1471 3929 1595 3997; x_wconf 80' lang='lat' dir='ltr'>Heaut.</span> <span class='ocrx_word' id='word_1_256' title='bbox 1617 3931 1679 3996; x_wconf 91' lang='grc'>503</span> <span class='ocrx_word' id='word_1_257' title='bbox 1700 3930 1753 3993; x_wconf 88' lang='lat' dir='ltr'>Ila</span> <span class='ocrx_word' id='word_1_258' title='bbox 1773 3935 1981 4014; x_wconf 77' lang='lat' dir='ltr'>comparatam</span> 
     </span>
     <span class='ocr_line' id='line_1_25' title="bbox 273 4029 1975 4117; baseline -0.001 -22"><span class='ocrx_word' id='word_1_259' title='bbox 273 4052 337 4095; x_wconf 85' lang='lat' dir='ltr'>esse</span> <span class='ocrx_word' id='word_1_260' title='bbox 357 4032 527 4095; x_wconf 84' lang='lat' dir='ltr'>hominum</span> <span class='ocrx_word' id='word_1_261' title='bbox 548 4036 703 4095; x_wconf 85' lang='lat' dir='ltr'>naturam</span> <span class='ocrx_word' id='word_1_262' title='bbox 722 4031 892 4095; x_wconf 76' lang='lat' dir='ltr'>omnium?</span> <span class='ocrx_word' id='word_1_263' title='bbox 935 4034 998 4098; x_wconf 88' lang='lat'>630</span> <span class='ocrx_word' id='word_1_264' title='bbox 1021 4031 1046 4096; x_wconf 91' lang='lat'><em>0</em></span> <span class='ocrx_word' id='word_1_265' title='bbox 1066 4029 1221 4114; x_wconf 75' lang='lat' dir='ltr'>Iuppter,</span> <span class='ocrx_word' id='word_1_266' title='bbox 1241 4034 1365 4117; x_wconf 71' lang='lat' dir='ltr'>mutam</span> <span class='ocrx_word' id='word_1_267' title='bbox 1382 4049 1446 4096; x_wconf 83' lang='lat' dir='ltr'>esse</span> <span class='ocrx_word' id='word_1_268' title='bbox 1460 4031 1495 4096; x_wconf 88' lang='lat' dir='ltr'>in</span> <span class='ocrx_word' id='word_1_269' title='bbox 1509 4032 1617 4096; x_wconf 88' lang='lat' dir='ltr'>animo</span> <span class='ocrx_word' id='word_1_270' title='bbox 1630 4031 1808 4095; x_wconf 74' lang='lat' dir='ltr'>inscitiam!</span> <span class='ocrx_word' id='word_1_271' title='bbox 1843 4031 1975 4097; x_wconf 89' lang='lat' dir='ltr'>Phorm.</span> 
     </span>
     <span class='ocr_line' id='line_1_26' title="bbox 275 4118 1979 4213; baseline -0.001 -16"><span class='ocrx_word' id='word_1_272' title='bbox 275 4133 336 4197; x_wconf 86' lang='lat'>503</span> <span class='ocrx_word' id='word_1_273' title='bbox 370 4132 452 4196; x_wconf 80' lang='lat' dir='ltr'>tum</span> <span class='ocrx_word' id='word_1_274' title='bbox 477 4131 533 4197; x_wconf 84' lang='lat' dir='ltr'>loe</span> <span class='ocrx_word' id='word_1_275' title='bbox 557 4149 622 4196; x_wconf 85' lang='lat' dir='ltr'>esse</span> <span class='ocrx_word' id='word_1_276' title='bbox 641 4131 724 4196; x_wconf 79' lang='lat' dir='ltr'>milei</span> <span class='ocrx_word' id='word_1_277' title='bbox 743 4132 893 4196; x_wconf 70' lang='lat' dir='ltr'>olintum</span> <span class='ocrx_word' id='word_1_278' title='bbox 912 4133 1056 4197; x_wconf 76' lang='lat' dir='ltr'>mnum!</span> <span class='ocrx_word' id='word_1_279' title='bbox 1096 4131 1334 4197; x_wconf 71' lang='lat' dir='ltr'>dissutum</span> <span class='ocrx_word' id='word_1_280' title='bbox 1354 4118 1471 4213; x_wconf 74' lang='lat' dir='ltr'>nupti</span> <span class='ocrx_word' id='word_1_281' title='bbox 1511 4133 1574 4197; x_wconf 90' lang='lat'>884</span> <span class='ocrx_word' id='word_1_282' title='bbox 1597 4130 1734 4195; x_wconf 75' lang='lat' dir='ltr'>Tenum</span> <span class='ocrx_word' id='word_1_283' title='bbox 1755 4131 1919 4213; x_wconf 80' lang='lat' dir='ltr'>fortunam</span> <span class='ocrx_word' id='word_1_284' title='bbox 1940 4130 1979 4194; x_wconf 91' lang='lat' dir='ltr'>de</span> 
     </span>
     <span class='ocr_line' id='line_1_27' title="bbox 274 4229 1978 4313; baseline 0.001 -18"><span class='ocrx_word' id='word_1_285' title='bbox 274 4233 436 4313; x_wconf 77' lang='lat' dir='ltr'>iemrouiso</span> <span class='ocrx_word' id='word_1_286' title='bbox 455 4250 521 4297; x_wconf 82' lang='lat' dir='ltr'>esee</span> <span class='ocrx_word' id='word_1_287' title='bbox 541 4231 592 4296; x_wconf 79' lang='lat' dir='ltr'>lus</span> <span class='ocrx_word' id='word_1_288' title='bbox 612 4231 741 4297; x_wconf 74' lang='lat' dir='ltr'>damnet</span> <span class='ocrx_word' id='word_1_289' title='bbox 781 4234 844 4298; x_wconf 83' lang='grc'>978</span> <span class='ocrx_word' id='word_1_290' title='bbox 864 4231 938 4297; x_wconf 87' lang='lat' dir='ltr'>Non</span> <span class='ocrx_word' id='word_1_291' title='bbox 958 4232 1013 4296; x_wconf 81' lang='lat' dir='ltr'>noo</span> <span class='ocrx_word' id='word_1_292' title='bbox 1027 4232 1200 4313; x_wconf 69' lang='lat' dir='ltr'>publicitus</span> <span class='ocrx_word' id='word_1_293' title='bbox 1220 4232 1321 4296; x_wconf 86' lang='lat' dir='ltr'>scelus</span> <span class='ocrx_word' id='word_1_294' title='bbox 1340 4230 1413 4296; x_wconf 81' lang='lat' dir='ltr'>him</span> <span class='ocrx_word' id='word_1_295' title='bbox 1433 4230 1646 4312; x_wconf 71' lang='lat' dir='ltr'>ammianum</span> <span class='ocrx_word' id='word_1_296' title='bbox 1681 4229 1775 4309; x_wconf 85' lang='lat' dir='ltr'>[Haeo</span> <span class='ocrx_word' id='word_1_297' title='bbox 1791 4231 1978 4296; x_wconf 84' lang='lat' dir='ltr'>enuntiatio</span> 
     </span>
     <span class='ocr_line' id='line_1_28' title="bbox 274 4328 1978 4421; baseline 0.001 -26"><span class='ocrx_word' id='word_1_298' title='bbox 274 4332 379 4397; x_wconf 84' lang='lat' dir='ltr'>verba</span> <span class='ocrx_word' id='word_1_299' title='bbox 409 4333 466 4398; x_wconf 86' lang='lat' dir='ltr'>illa</span> <span class='ocrx_word' id='word_1_300' title='bbox 494 4350 598 4414; x_wconf 81' lang='lat' dir='ltr'>supra</span> <span class='ocrx_word' id='word_1_301' title='bbox 626 4331 732 4397; x_wconf 79' lang='lat' dir='ltr'>allata</span> <span class='ocrx_word' id='word_1_302' title='bbox 752 4330 917 4421; x_wconf 82' lang='lat' dir='ltr'>“Tantane</span> <span class='ocrx_word' id='word_1_303' title='bbox 938 4331 1110 4398; x_wconf 82' lang='lat' dir='ltr'>adfectum</span> <span class='ocrx_word' id='word_1_304' title='bbox 1132 4348 1337 4412; x_wconf 85' lang='lat' dir='ltr'>quemquam</span> <span class='ocrx_word' id='word_1_305' title='bbox 1358 4347 1436 4397; x_wconf 86' lang='grc'>0000</span> <span class='ocrx_word' id='word_1_306' title='bbox 1457 4331 1627 4397; x_wconf 92' lang='lat' dir='ltr'>hominem</span> <span class='ocrx_word' id='word_1_307' title='bbox 1649 4328 1807 4396; x_wconf 84' lang='lat' dir='ltr'>audacia“</span> <span class='ocrx_word' id='word_1_308' title='bbox 1828 4331 1978 4412; x_wconf 86' lang='lat' dir='ltr'>proxime</span> 
     </span>
     <span class='ocr_line' id='line_1_29' title="bbox 275 4429 1977 4514; baseline -0.001 -18"><span class='ocrx_word' id='word_1_309' title='bbox 275 4432 449 4512; x_wconf 64' lang='lat' dir='ltr'>sequitui]</span> <span class='ocrx_word' id='word_1_310' title='bbox 491 4433 574 4499; x_wconf 89' lang='lat' dir='ltr'>Heo.</span> <span class='ocrx_word' id='word_1_311' title='bbox 596 4433 658 4498; x_wconf 84' lang='grc'>226</span> <span class='ocrx_word' id='word_1_312' title='bbox 678 4431 753 4496; x_wconf 87' lang='lat' dir='ltr'>Non</span> <span class='ocrx_word' id='word_1_313' title='bbox 775 4434 880 4514; x_wconf 74' lang='lat' dir='ltr'>tepro</span> <span class='ocrx_word' id='word_1_314' title='bbox 900 4431 951 4496; x_wconf 73' lang='lat' dir='ltr'>len</span> <span class='ocrx_word' id='word_1_315' title='bbox 971 4450 1099 4497; x_wconf 81' lang='lat' dir='ltr'>curasse</span> <span class='ocrx_word' id='word_1_316' title='bbox 1118 4433 1228 4497; x_wconf 78' lang='lat' dir='ltr'>remes!</span> <span class='ocrx_word' id='word_1_317' title='bbox 1269 4432 1331 4498; x_wconf 88' lang='grc'>613</span> <span class='ocrx_word' id='word_1_318' title='bbox 1350 4430 1438 4496; x_wconf 84' lang='lat' dir='ltr'>Hine</span> <span class='ocrx_word' id='word_1_319' title='bbox 1457 4431 1546 4497; x_wconf 80' lang='lat' dir='ltr'>abire</span> <span class='ocrx_word' id='word_1_320' title='bbox 1565 4432 1726 4495; x_wconf 78' lang='lat' dir='ltr'>nmtremt</span> <span class='ocrx_word' id='word_1_321' title='bbox 1768 4429 1833 4495; x_wconf 85' lang='lat' dir='ltr'>Ad.</span> <span class='ocrx_word' id='word_1_322' title='bbox 1850 4432 1911 4496; x_wconf 88' lang='grc'>408</span> <span class='ocrx_word' id='word_1_323' title='bbox 1926 4446 1977 4510; x_wconf 84' lang='lat' dir='ltr'>sq.</span> 
     </span>
     <span class='ocr_line' id='line_1_30' title="bbox 274 4529 1981 4613; baseline -0.001 -17"><span class='ocrx_word' id='word_1_324' title='bbox 274 4530 354 4596; x_wconf 82' lang='lat' dir='ltr'>Hac</span> <span class='ocrx_word' id='word_1_325' title='bbox 386 4534 412 4595; x_wconf 88' lang='lat' dir='ltr'>te</span> <span class='ocrx_word' id='word_1_326' title='bbox 442 4532 609 4597; x_wconf 84' lang='lat' dir='ltr'>admittere</span> <span class='ocrx_word' id='word_1_327' title='bbox 639 4531 774 4613; x_wconf 55' lang='lat' dir='ltr'>indeuia</span> <span class='ocrx_word' id='word_1_328' title='bbox 802 4549 913 4613; x_wconf 73' lang='lat' dir='ltr'>omem</span> <span class='ocrx_word' id='word_1_329' title='bbox 937 4535 1058 4596; x_wconf 82' lang='lat' dir='ltr'>nostro!</span> <span class='ocrx_word' id='word_1_330' title='bbox 1099 4531 1196 4612; x_wconf 87' lang='lat' dir='ltr'>[Vide</span> <span class='ocrx_word' id='word_1_331' title='bbox 1218 4548 1293 4613; x_wconf 88' lang='lat' dir='ltr'>quae</span> <span class='ocrx_word' id='word_1_332' title='bbox 1315 4531 1357 4597; x_wconf 90' lang='lat' dir='ltr'>de</span> <span class='ocrx_word' id='word_1_333' title='bbox 1378 4531 1509 4597; x_wconf 89' lang='lat' dir='ltr'>Phorm.</span> <span class='ocrx_word' id='word_1_334' title='bbox 1530 4532 1593 4595; x_wconf 91' lang='grc'>978</span> <span class='ocrx_word' id='word_1_335' title='bbox 1615 4529 1781 4606; x_wconf 74' lang='lat' dir='ltr'>diximus]</span> <span class='ocrx_word' id='word_1_336' title='bbox 1824 4530 1886 4596; x_wconf 90' lang='grc'>562</span> <span class='ocrx_word' id='word_1_337' title='bbox 1906 4529 1981 4596; x_wconf 89' lang='lat' dir='ltr'>Non</span> 
     </span>
     <span class='ocr_line' id='line_1_31' title="bbox 268 4629 1977 4714; baseline -0.001 -19"><span class='ocrx_word' id='word_1_338' title='bbox 268 4631 425 4714; x_wconf 73' lang='lat' dir='ltr'>puduisse</span> <span class='ocrx_word' id='word_1_339' title='bbox 445 4631 615 4696; x_wconf 75' lang='lat' dir='ltr'>umbmure</span> <span class='ocrx_word' id='word_1_340' title='bbox 634 4631 792 4696; x_wconf 81' lang='lat' dir='ltr'>hominem</span> <span class='ocrx_word' id='word_1_341' title='bbox 812 4633 934 4696; x_wconf 86' lang='lat' dir='ltr'>senem!</span> <span class='ocrx_word' id='word_1_342' title='bbox 974 4632 1036 4697; x_wconf 82' lang='lat'>629</span> <span class='ocrx_word' id='word_1_343' title='bbox 1056 4648 1106 4713; x_wconf 82' lang='lat' dir='ltr'>sq.</span> <span class='ocrx_word' id='word_1_344' title='bbox 1139 4631 1213 4698; x_wconf 88' lang='lat' dir='ltr'>Non</span> <span class='ocrx_word' id='word_1_345' title='bbox 1233 4650 1284 4696; x_wconf 89' lang='lat' dir='ltr'>me</span> <span class='ocrx_word' id='word_1_346' title='bbox 1309 4631 1391 4696; x_wconf 78' lang='lat' dir='ltr'>lane</span> <span class='ocrx_word' id='word_1_347' title='bbox 1410 4649 1480 4696; x_wconf 79' lang='lat' dir='ltr'>rem</span> <span class='ocrx_word' id='word_1_348' title='bbox 1494 4631 1589 4712; x_wconf 77' lang='lat' dir='ltr'>palm</span> <span class='ocrx_word' id='word_1_349' title='bbox 1673 4680 1680 4696; x_wconf 92' lang='lat'><strong><em>.</em></strong></span> <span class='ocrx_word' id='word_1_350' title='bbox 1702 4629 1874 4695; x_wconf 82' lang='lat' dir='ltr'>indicasse!</span> <span class='ocrx_word' id='word_1_351' title='bbox 1914 4631 1977 4696; x_wconf 86' lang='grc'>934</span> 
     </span>
     <span class='ocr_line' id='line_1_32' title="bbox 274 4732 606 4797; baseline -0.003 0"><span class='ocrx_word' id='word_1_352' title='bbox 274 4733 325 4797; x_wconf 87' lang='lat' dir='ltr'>Me</span> <span class='ocrx_word' id='word_1_353' title='bbox 345 4732 457 4797; x_wconf 78' lang='lat' dir='ltr'>amen</span> <span class='ocrx_word' id='word_1_354' title='bbox 477 4734 606 4797; x_wconf 69' lang='lat' dir='ltr'>auum?</span> 
     </span>
    </p>
   </div>
   <div class='ocr_carea' id='block_1_9' title="bbox 382 4982 863 5053">
    <p class='ocr_par' dir='ltr' id='par_1_9' title="bbox 382 4982 863 5053">
     <span class='ocr_line' id='line_1_33' title="bbox 382 4982 863 5053; baseline 0 -17"><span class='ocrx_word' id='word_1_355' title='bbox 382 4985 401 5051; x_wconf 92' lang='lat'>¹)</span> <span class='ocrx_word' id='word_1_356' title='bbox 420 4982 493 5037; x_wconf 83' lang='lat' dir='ltr'>Vide</span> <span class='ocrx_word' id='word_1_357' title='bbox 511 4982 702 5036; x_wconf 85' lang='lat' dir='ltr'>Kuehnerum:</span> <span class='ocrx_word' id='word_1_358' title='bbox 721 5000 783 5053; x_wconf 79' lang='lat' dir='ltr'>pag.</span> <span class='ocrx_word' id='word_1_359' title='bbox 803 4982 863 5036; x_wconf 84' lang='grc'>532.</span> 
     </span>
    </p>
   </div>
   <div class='ocr_carea' id='block_1_10' title="bbox 0 0 2266 5858">
    <p class='ocr_par' dir='ltr' id='par_1_10' title="bbox 0 0 2266 5858">
     <span class='ocr_line' id='line_1_34' title="bbox 0 0 2266 5858; baseline 0 0"><span class='ocrx_word' id='word_1_360' title='bbox 0 0 2266 5858; x_wconf 95' lang='lat' dir='ltr'> </span> 
     </span>
    </p>
   </div>
  </div>
 </body>
</html>
