4524 5858
1059 397 1215 460 -25..

390 550 514 616 Heaut.
537 552 599 615 879
620 566 671 630 sq.
694 548 901 616 Gratulando
918 599 925 615 .
941 600 948 615 .
965 599 972 615 .
988 555 1075 614 tuom
1095 570 1160 614 esse
1180 550 1346 614 44444444
1364 555 1500 633 plutum.

384 650 508 716 Heaut.
535 652 597 715 683
623 649 712 713 Istue
736 648 794 712 uu·
813 669 851 713 44
871 650 1028 713 sententia
1050 655 1105 714 luu
1125 651 1274 733 opliqirse
1294 650 1399 717 laetor.
1443 651 1524 718 Hoc.
1547 653 1608 717 833
1631 650 1710 714 Haec
1730 655 1774 714 lot
1790 656 1922 735 propter
1942 673 1989 716 mc

278 750 399 834 quodie
419 750 468 813 illi
488 750 655 830 conlipuse
674 747 772 811 lector.

380 848 507 914 Eadem
529 848 660 915 ratione
681 865 701 914 e
722 849 923 915 dictionibus
945 866 1021 929 ques
1043 849 1135 915 verbi
1157 850 1327 917 notionem
1349 851 1477 917 habent
1498 868 1566 917 acc.
1589 868 1676 916 cum.
1699 850 1755 916 inf.
1778 851 1911 933 pendet.

381 949 512 1015 Phorm.
546 950 608 1014 596
639 946 701 1012 Du
733 949 861 1030 gratias
894 950 1017 1030 agebat
1048 954 1169 1032 tempus
1199 948 1261 1014 4444
1291 950 1371 1014 duri.
1416 950 1520 1016 Andr.
1544 953 1583 1015 42
1605 950 1646 1013 Id
1663 955 1789 1034 prolum
1810 950 1932 1034 fuisse.
1952 1001 1985 1014 ..

279 1049 388 1115 habeo
410 1049 564 1129 gratiam.
609 1048 739 1114 Phorm.
762 1051 804 1113 54
829 1048 895 1132 (Te)
920 1069 988 1113 444
1007 1049 1174 1113 4444444444
1194 1047 1289 1112 habeo
1307 1052 1453 1133 94444444.

381 1147 464 1214 Hec.
487 1150 549 1215 562
569 1148 731 1215 Incendor
751 1149 802 1215 ira
822 1169 886 1212 esse
906 1167 1018 1213 cusam
1038 1149 1140 1232 facere
1161 1148 1227 1212 4444
1247 1153 1283 1212 le.

382 1248 513 1314 Phorm.
536 1249 599 1313 820
619 1248 736 1313 Lectus
757 1266 857 1314 sum.
877 1299 883 1312 .
902 1300 909 1312 .
925 1249 1024 1332 fratri
1045 1250 1190 1331 epliptsse
1211 1250 1294 1331 quod
1312 1248 1388 1313 uolt.

382 1347 487 1413 Andr.
513 1350 569 1413 191
596 1346 719 1428 Omnes,
740 1350 934 1430 pulemont,
956 1351 1104 1429 grauiter
1125 1348 1186 1412 slot
1206 1349 1278 1414 4444
1298 1368 1427 1413 uxorem
1447 1347 1568 1414 ferunt.

378 1449 478 1511 louet.
521 1447 638 1514 Series
668 1449 758 1530 apud
787 1448 859 1514 Ter.
889 1465 975 1514 cum
1004 1449 1192 1515 coniunctio
1214 1451 1378 1529 sequente
1400 1449 1581 1514 indicativo
1602 1448 1779 1515 invenitur.
1794 1448 1813 1514 ¹)
1855 1447 1986 1515 Phorm.

285 1548 347 1612 894
372 1564 423 1627 sq.
456 1548 610 1628 quando
636 1547 771 1630 legitur:
799 1548 859 1613 tus
880 1566 1018 1631 444444
1037 1551 1149 1614 molto
1167 1550 1294 1631 qrutloe
1314 1549 1409 1613 44544
1429 1551 1521 1630 utque
1540 1567 1608 1630 opo,
1631 1549 1757 1630 quaudo
1777 1565 1902 1613 444444
1922 1548 1988 1612 lucc

276 1647 371 1730 noue,
392 1648 504 1729 fraer,
519 1666 681 1730 prospere.

961 1884 1301 1950 Additamentum.

376 2033 533 2099 Omnium
565 2036 708 2099 aetatum
740 2034 941 2116 scriniorum
973 2035 1036 2100 hoc
1068 2039 1124 2101 est
1155 2050 1342 2115 commune,
1373 2034 1461 2114 quod
1482 2035 1600 2114 utique
1620 2036 1700 2115 post
1722 2034 1824 2100 verbe
1847 2033 1985 2115 dicendi,

281 2133 433 2216 putandi,
464 2133 632 2216 sperandi,
654 2133 834 2200 confitendi
855 2135 952 2200 simil.
975 2135 1166 2200 subiectum
1188 2134 1343 2199 infinitivi
1365 2141 1444 2216 (me,
1471 2137 1519 2215 te,
1547 2151 1599 2215 se,
1622 2151 1702 2214 nos,
1725 2137 1816 2215 vos),
1838 2134 1869 2199 si
1890 2133 1987 2199 facile

277 2232 313 2297 id
336 2250 378 2299 ex
399 2234 596 2314 praegressis
618 2234 672 2299 vel
693 2234 913 2314 sequentibus
934 2236 1050 2316 potest
1071 2235 1142 2301 erui
1163 2251 1273 2315 neque
1295 2235 1442 2316 graviter
1463 2234 1709 2300 ostendendum
1731 2236 1796 2315 est,
1817 2234 1986 2299 interdum

280 2333 453 2415 omittunt,
479 2336 519 2398 ut
540 2350 599 2414 pro
621 2350 691 2399 acc.
713 2351 791 2399 cum
811 2333 868 2400 ini.
891 2334 985 2400 solus
1006 2332 1063 2399 inf.
1085 2334 1226 2415 legatur.
1269 2333 1369 2416 Apud
1392 2334 1537 2415 optimos
1559 2332 1681 2399 solutae
1702 2333 1863 2399 orationis
1885 2334 1985 2414 scrip·

280 2437 372 2498 tores
404 2432 496 2498 nulle
527 2433 596 2500 tere
627 2433 819 2500 huiusmodi
850 2434 1090 2515 praetermissio
1122 2434 1171 2517 fit,
1205 2435 1270 2499 nisi
1303 2434 1493 2500 subiectum
1518 2432 1674 2498 infinitivi
1695 2432 1784 2499 idem
1806 2437 1862 2499 est
1883 2436 1986 2513 atque

277 2531 408 2598 illorum
429 2532 621 2616 verborum;
644 2537 682 2598 at
702 2533 767 2616 alii,
789 2534 953 2615 imprimis
975 2535 1103 2616 comici,
1124 2535 1250 2600 maiore
1272 2534 1408 2601 licentia
1429 2536 1581 2615 utuntur,
1605 2550 1708 2613 quare
1730 2534 1819 2615 apud
1841 2550 1900 2599 eos
1918 2550 1984 2600 non

275 2632 384 2698 solum
409 2634 606 2714 pronomina
626 2650 714 2715 pers.
736 2633 923 2699 sedetiam
944 2650 1127 2717 pronomen
1148 2635 1331 2701 demonstr.
1354 2634 1402 2715 is,
1432 2650 1509 2698 oum
1538 2634 1625 2699 ratio
1651 2633 1795 2699 subiecti
1817 2633 1985 2699 contrmia

275 2732 332 2814 sit,
357 2733 484 2813 saepius
511 2733 723 2799 omittuntur.
770 2733 836 2800 Sed
858 2738 975 2799 tamen
997 2734 1334 2801 animadvertendum
1356 2737 1411 2799 est
1432 2734 1521 2799 haud
1543 2750 1619 2800 raro
1641 2751 1719 2799 esse
1740 2733 1827 2799 hanc
1848 2750 1983 2800 accuse·

275 2833 337 2897 tivi
359 2833 679 2914 praetermissionem
700 2834 743 2899 ab
765 2851 804 2900 eo
826 2836 945 2917 ortem,
969 2833 1057 2915 quod
1079 2834 1199 2901 eedem
1219 2851 1295 2916 vox,
1318 2834 1461 2899 eandem
1475 2833 1671 2915 plerumque
1685 2834 1814 2899 habens
1829 2832 1984 2917 formam,

275 2932 367 2998 brevi
388 2933 500 3014 spatio
521 2933 690 3014 praecedit
735 2933 891 2999 Ceterum
913 2933 1143 3016 praesensum.
1166 2951 1418 3014 nonnumquam
1439 2933 1608 2999 invenitur
1629 2949 1689 3014 pro
1710 2932 1782 2999 fut..

374 3032 442 3097 Eas
469 3049 579 3115 voces,
608 3051 683 3113 quse
710 3034 917 3115 praedicativi
942 3034 1014 3100 loco
1040 3051 1080 3101 se
1102 3034 1145 3099 ad
1166 3035 1357 3100 subiectum
1379 3033 1534 3098 infinitivi
1556 3033 1736 3116 applicant,
1758 3033 1829 3099 Ter.
1852 3050 1985 3115 semper

274 3132 309 3197 in
330 3149 399 3198 acc.
422 3133 525 3213 ponit.

380 3233 485 3298 Andr.
510 3234 550 3297 14
580 3233 714 3298 Fatetur
746 3234 945 3298 4444446444
974 3236 1067 3315 44444
1096 3250 1194 3298 uultu
1218 3251 1283 3315 pro
1313 3234 1389 3298 4444.
1438 3232 1499 3297 144
1520 3249 1594 3313 sqq.
1619 3232 1796 3298 0744444444
1816 3234 1985 3315 lullonum

279 3331 443 3413 socluuc¹i
474 3334 666 3415 44444444.
719 3334 782 3398 358
812 3332 917 3415 Nepai
945 3333 1072 3398 uidisse.
1120 3335 1182 3399 379
1202 3332 1342 3414 Nequrls
1362 3332 1481 3397 ducere.
1524 3334 1586 3397 394
1606 3331 1702 3397 Patri
1722 3333 1773 3397 444
1793 3334 1880 3400 uelle.
1924 3335 1981 3399 401

279 3430 443 3497 Pollicitus
472 3451 547 3497 eum
577 3435 805 3514 sumturum.
860 3434 921 3499 429
951 3433 1083 3498 44444444
1113 3434 1222 3498 uidere
1249 3432 1382 3515 (Umpiz
1405 3433 1525 3514 uiderl;
1547 3432 1633 3498 libri:
1656 3433 1785 3509 uidere).
1829 3435 1891 3499 470
1911 3433 1983 3499 844-

275 3532 353 3596 44444
382 3534 438 3598 alt.
491 3533 553 3597 353
575 3550 626 3614 sq.
647 3532 706 3598 Au
726 3533 780 3597 4414·
800 3551 932 3598 tuorem
953 3533 1033 3598 dore
1052 3534 1150 3599 44444.
1193 3535 1255 3599 613
1276 3532 1358 3598 Sum
1373 3533 1534 3615 polluitur
1554 3533 1673 3598 ducere.
1717 3535 1779 3599 688
1805 3532 1986 3599 4744444441

278 3635 304 3696 te
324 3650 442 3713 cupere.
497 3634 558 3698 728
579 3650 629 3714 sq.
656 3632 694 3697 Si
713 3635 791 3716 sorte
811 3652 890 3716 opus
909 3635 954 3698 sit
971 3634 1016 3698 444
1036 3652 1129 3698 crum
1149 3635 1255 3698 iurato
1275 3633 1357 3698 44444
1377 3651 1440 3697 uon
1460 3634 1627 3714 oppeciere.
1670 3633 1752 3699 Eun.
1768 3634 1830 3698 513
1843 3635 1901 3698 Au
1913 3652 1982 3699 rom

278 3732 427 3796 diuinum
448 3733 554 3815 1444444
574 3737 604 3798 el
621 3751 691 3798 rem
711 3735 831 3798 444444
851 3735 930 3798 uelle
949 3752 1041 3816 opere
1061 3751 1192 3798 4444444.
1235 3732 1360 3799 Heaut.
1384 3734 1423 3798 19
1448 3732 1627 3797 Facturum
1647 3736 1804 3799 44444444.
1848 3736 1911 3799 500
1931 3751 1981 3815 sq.

244 3832 572 3900 .cham...ltoclie
596 3851 658 3898 444
680 3851 770 3915 posce
794 3836 838 3898 444
862 3834 950 3899 dure.
1003 3836 1066 3900 626
1087 3851 1137 3914 sq.
1169 3832 1477 3899 Mmututsttu...te
1500 3850 1656 3898 umuumo
1680 3852 1768 3915 opere
1794 3834 1980 3900 4444444...

273 3933 354 3997 nolle
376 3933 463 3997 tolli?
505 3934 564 3999 661
590 3933 673 4014 Quid
692 3935 890 3998 reuuutlouil
910 3934 986 3998 olim
1006 3935 1134 4016 4444447
1187 3934 1248 3999 724
1268 3933 1379 3998 Decem
1399 3934 1508 3998 444444
1528 3952 1609 4015 quos
1629 3934 1711 3998 uu'lu'
1731 3934 1810 3999 dore
1824 3935 1985 4016 pollutius

274 4034 326 4097 est.
370 4034 432 4098 726
463 4032 543 4097 llum
564 4037 735 4098 uenturum
755 4033 866 4098 444444
885 4038 915 4098 et
933 4035 1124 4098 constituero.
1168 4036 1230 4099 768
1250 4051 1300 4115 sq.
1323 4035 1437 4100 Dtu't.
1453 4084 1461 4100 .
1477 4052 1604 4100 ,444444
1625 4033 1807 4100 adductum.
1849 4034 1980 4101 Phorm.

274 4133 337 4196 864
367 4132 427 4197 Au
455 4150 519 4197 erce
549 4134 692 4199 uelitum.
739 4132 820 4200 Heo.
842 4136 885 4199 60
905 4151 979 4214 sqq.
1000 4133 1193 4215 Pamphilus
1213 4135 1365 4200 iurabat.
1381 4185 1389 4200 .
1406 4152 1607 4216 44444444
1628 4135 1687 4200 illu
1707 4135 1788 4199 4444
1809 4135 1981 4199 ducturum

277 4248 410 4296 44444
430 4233 572 4298 domum.
618 4233 678 4298 147
703 4232 854 4314 84444444
874 4251 928 4298 eac
949 4234 1080 4298 4444444
1093 4251 1195 4315 posce.
1239 4235 1300 4299 235
1321 4234 1370 4299 Μ4
1390 4234 1491 4300 444444
1510 4234 1766 4300 4444414444.
1810 4236 1870 4300 427
1894 4235 1982 4315 thud

277 4347 362 4393 uuuc
392 4333 543 4397 44444444
573 4334 683 4415 fucere.
737 4334 799 4398 550
831 4333 892 4414 Qui
922 4333 1041 4398 4444444
1071 4350 1144 4398 eum
1172 4334 1286 4398 diceret
1305 4338 1474 4400 exeuntem.
1518 4336 1576 4400 751
1600 4350 1650 4414 sq.
1672 4334 1714 4399 Id
1728 4334 1894 4416 pollicerer
1916 4335 1980 4415 tibi,

274 4429 620 4514 incommomodum
640 4432 810 4498 4454444.
828 4451 896 4498 ..4
916 4450 968 4497 mc
987 4432 1207 4515 Pamphilum.
1250 4432 1314 4499 Ad.
1338 4436 1377 4500 77
1397 4434 1554 4499 Fateatur
1573 4434 1690 4500 nescire
1706 4435 1875 4516 imperare.
1920 4436 1977 4500 151

273 4530 371 4595 meu
399 4531 486 4597 uelle.
530 4534 590 4599 162
625 4533 665 4598 Tc
686 4533 846 4615 posterius
860 4551 989 4615 pulpos,
1011 4533 1093 4599 4444
1113 4534 1271 4599 ludurium
1291 4533 1374 4599 44444
1393 4535 1473 4600 nolle
1492 4535 1612 4617 4444444
1632 4552 1704 4600 cccc.
1748 4534 1806 4600 561
1830 4534 1981 4600 Produxe

380 4886 400 4950 ¹)
418 4881 492 4936 Vide
509 4882 636 4936 Dniatzk.
655 4883 690 4937 ed
709 4883 762 4938 Ad.
784 4885 842 4939 139.

379 4989 400 5055 ²)
421 4986 516 5057 Umpf.
536 4986 710 5058 indignum
728 4988 862 5043 facinus
882 5006 898 5042 a
916 4989 1011 5043 ceteris
1030 4994 1162 5060 segregat,
1177 4994 1209 5042 ut
1223 5007 1313 5060 porse
1327 4989 1504 5060 intelligatur.
1536 4988 1609 5043 Vide
1624 4989 1724 5061 Speng.
1739 4989 1774 5044 ud
1788 4990 1863 5045 hunc
1877 4990 1976 5045 locum.

1860 5111 1877 5164 6
