4524 5858
1077 1373 1175 1477 IV.

674 1640 762 1788 De
809 1642 1192 1834 temporibus
1236 1638 1582 1788 infinitivi.

575 1989 602 2052 1.
645 1985 855 2053 Praessns.

370 2133 509 2215 Vulgari
543 2137 655 2216 generi
688 2136 850 2203 orationis
883 2138 1120 2204 convenienter
1141 2135 1198 2201 inf.
1221 2153 1319 2217 prees.
1341 2134 1512 2201 interdum
1534 2151 1593 2215 pro
1614 2131 1676 2197 fut.
1701 2134 1886 2213 usurpetur
1906 2135 1989 2213 post

271 2235 375 2298 verba
396 2251 472 2315 quoe
493 2242 576 2299 sunt
605 2235 676 2318 sio,
699 2236 798 2318 dico,
819 2236 991 2319 minitor,
1014 2253 1123 2318 nego,
1146 2235 1345 2317 polliceor,
1368 2250 1493 2315 spero.
1530 2232 1727 2299 Subiectum
1741 2230 1896 2296 infinitivi
1911 2237 1987 2296 tum

271 2335 433 2398 omissum
457 2335 520 2415 est,
543 2336 618 2399 tum
640 2339 766 2401 exstet.

371 2465 475 2530 Andr.
498 2467 560 2530 353
582 2483 632 2546 sq.
655 2467 716 2531 Ait
738 2467 793 2532 ooo
813 2485 946 2531 emoreris
967 2467 1047 2531 dore
1067 2466 1164 2531 leodio.
1208 2466 1272 2531 Ad.
1297 2467 1358 2531 224
1383 2465 1423 2529 Te
1443 2466 1537 2529 aiunt
1550 2464 1711 2545 proficisci
1736 2462 1889 2543 Cyprum.

353 2563 474 2674 'elndn
498 2565 557 2628 411
587 2563 625 2629 Si
647 2568 673 2629 te
694 2565 785 2632 dices
807 2566 926 2631 demere.
970 2566 1101 2631 Phorm.
1124 2568 1183 2630 531
1208 2583 1258 2646 sq.
1286 2565 1367 2630 Cras
1387 2582 1482 2629 mone
1503 2567 1671 2645 arpentum
1692 2562 1774 2627 milei
1794 2562 1886 2626 mileo
1906 2560 1988 2625 dare

270 2679 303 2724 w
323 2661 452 2826 dmiliten
477 2762 537 2826 427
561 2761 649 2843 Quod
668 2781 753 2828 nuno
774 2763 930 2829 minitare
950 2764 1061 2845 sowere

372 2860 475 2924 Andr.
498 2862 560 2927 379
592 2861 630 2926 Si
652 2865 685 2926 to
707 2864 840 2944 negaris
862 2863 981 2927 docere.

295 3056 301 3068 .
373 2958 475 3024 Andr.
498 2962 559 3025 613
591 2960 673 3025 Sum
705 2961 872 3043 pollicitus
904 2963 1024 3028 duom.
1078 2962 1202 3029 Heaut.
1227 2963 1288 3027 724
1320 2961 1430 3026 Decem
1459 2961 1567 3025 enimes
1593 2978 1675 3040 coms
1697 2960 1778 3024 nothi
1799 2960 1878 3024 doro
1893 2960 1986 3040 polli-

272 3059 353 3121 πίω
372 3060 453 3222 ἔζη.
477 3158 539 3223 520
560 3158 682 3240 Sperat
702 3178 735 3225 ce
756 3179 778 3224 a
798 3179 849 3225 me
868 3161 1011 3226 attollere.
1055 3162 1117 3226 920
1131 3160 1230 3243 Spero
1244 3179 1295 3224 me
1308 3160 1420 3225 labero
1442 3166 1512 3240 (pro
1534 3158 1763 3224 habituram
1786 3162 1847 3224 aut
1868 3175 1987 3240 spero

274 3272 333 3336 pro
355 3256 486 3338 credo,
508 3256 684 3334 Donatus).

576 3475 606 3540 2.
649 3472 905 3541 retrectans

374 3621 472 3687 Solus
500 3621 557 3687 inf.
587 3624 640 3687 his
662 3624 743 3689 locis
767 3628 821 3690 est
842 3625 876 3689 in
898 3625 979 3707 perf.
1003 3626 1144 3707 positus,
1168 3625 1223 3691 ubi
1246 3643 1287 3689 ex
1310 3628 1429 3690 nostra
1449 3624 1563 3704 lingue
1584 3626 1763 3691 verborum
1785 3624 1987 3690 coniunctio·

274 3738 353 3785 nem
374 3726 535 3803 spectans
558 3739 655 3803 prees.
680 3725 941 3804 exspectaveris.
985 3723 1056 3804 Quo
1077 3725 1111 3788 in
1134 3730 1285 3805 tempore
1307 3723 1432 3789 utendo
1454 3727 1555 3805 poeta
1577 3741 1643 3790 non
1665 3727 1740 3788 tam
1758 3724 1987 3789 adactionem

274 3821 430 3885 infinitivi
452 3822 604 3887 animum
626 3823 773 3888 attendit
795 3839 897 3902 quam
920 3823 963 3888 ad
985 3825 1058 3890 eius
1081 3825 1213 3889 eventa.

375 3973 406 4045 a)
428 3970 529 4052 Apud
551 3971 753 4037 locutionem
775 3972 1033 4053 impersonalem
1055 3973 1198 4039 melius
1220 3973 1311 4038 erit:

375 4102 439 4167 Ad.
466 4105 524 4167 180
545 4104 627 4167 Anio
648 4104 730 4168 cedro
751 4122 811 4169 non
832 4104 938 4186 socioso
958 4106 1019 4168 erit
1038 4106 1152 4170 melius
1172 4104 1223 4169 hic
1242 4105 1427 4170 conuictum.

377 4267 410 4342 b)
436 4268 537 4350 Apud
563 4271 703 4334 verbum
726 4269 814 4335 volo
837 4286 913 4335 oum
935 4270 1169 4341 interdictione
1191 4270 1416 4336 coniunctum.
1460 4271 1523 4336 Hic
1545 4271 1626 4353 perf.
1650 4272 1812 4352 temporis
1835 4289 1919 4337 usus
1942 4272 1986 4337 ad

277 4367 448 4448 exemplar
469 4369 631 4434 orationis
654 4371 785 4450 generis
807 4369 918 4451 legum
940 4370 1062 4452 proprii
1084 4370 1196 4436 sactus
1219 4373 1283 4435 est.

379 4499 461 4566 Hec.
484 4503 545 4566 563
566 4501 721 4567 Interdico
741 4521 780 4566 ne
800 4502 946 4567 morose
966 4506 1057 4567 cotra
1079 4503 1158 4567 oeclo'o
1172 4520 1315 4584 pecorum
1335 4520 1474 4583 oscelam
1495 4503 1582 4568 coelio.

377 4684 477 4748 lnnot
520 4684 558 4749 In
585 4686 834 4751 constructione
861 4702 930 4752 acc.
957 4703 1035 4751 cum
1055 4685 1112 4751 inf.
1135 4686 1287 4751 evertis
1310 4688 1461 4767 expeto,
1485 4685 1582 4766 vo10,
1605 4678 1693 4751 nolo
1714 4685 1882 4767 pendente
1904 4684 1987 4766 pers.

280 4798 371 4860 pasc.
396 4800 646 4865 nonnumquam
669 4786 833 4867 reperitur
854 4802 936 4852 voce
957 4785 1068 4851 “esse“
1087 4786 1276 4866 saepissime
1291 4786 1432 4866 omissa3
1456 4802 1520 4864 quo
1535 4784 1696 4851 orationis
1712 4801 1833 4865 genere
1847 4785 1881 4849 id
1898 4786 1987 4865 quod

279 4880 313 4943 in
335 4883 425 4946 votis
448 4888 502 4949 est
524 4885 712 4963 quostiam
733 4885 920 4966 perfectum
942 4886 1078 4966 gravius
1100 4886 1300 4951 ostenditur.
1343 4885 1515 4950 Interdum
1538 4885 1642 4951 etiam
1665 4901 1733 4950 acc.
1756 4885 1904 4951 omissus
1921 4888 1987 4951 est.

280 4978 419 5047 Suecice
441 4987 555 5062 potest
576 4983 629 5048 hic
651 4984 733 5065 perf.
755 4990 857 5066 temp.
880 5002 964 5050 usus
987 4985 1098 5051 verbis
1120 4984 1193 5048 “vill
1214 4983 1332 5050 halva“
1354 4984 1452 5049 simil.
1475 4983 1577 5049 reddi.
1616 5038 1621 5047 .
