4524 5858
1049 464 1203 526 „15-

271 617 363 700 silias
393 616 463 699 epil,
494 615 623 679 restitui
653 614 690 678 in
721 615 884 697 intrarem
912 633 1040 697 oerpaom
1060 619 1105 678 434
1126 620 1155 678 44
1176 616 1310 699 bonum,
1332 618 1404 698 673,
1425 617 1502 698 9273
1523 616 1606 682 Hec.
1628 617 1700 697 527,
1725 619 1795 697 737,
1817 619 1894 698 868,
1916 616 1981 682 Ad.

272 718 341 800 256,
363 718 434 799 506,
456 718 519 782 674
539 732 601 798 sq.¹
624 717 686 780 800
707 732 768 797 sq„
791 716 862 796 933,
885 717 958 781 960.
1594 745 1597 750 ·

369 817 451 881 Eun.
475 817 536 882 704
557 814 632 877 lam
651 815 732 877 satis
753 818 915 880 certumst
935 813 1097 897 4444944444
1118 813 1271 878 uitiatam
1291 817 1376 879 esse?
1420 815 1502 881 Hec.
1526 816 1587 881 454
1613 814 1742 878 Certum
1762 814 1924 897 offirmare
1937 819 1983 878 434

271 915 362 979 amm
388 936 438 978 mo
462 935 562 996 paam
586 914 713 977 (4444444
727 914 887 996 persequi.
930 916 992 979 583
1013 931 1064 994 sq.
1088 912 1185 976 Narro
1207 913 1266 977 4444
1285 935 1336 977 oro
1356 918 1477 978 eertum
1498 919 1543 978 434
1564 920 1676 978 ooalro
1694 915 1835 998 94444444
1854 914 1981 998 referre.

370 1015 501 1081 Phorm.
524 1016 586 1080 814
607 1031 658 1094 sq.
681 1014 895 1080 Commodius
916 1034 981 1077 4334
1001 1013 1040 1076 iro
1060 1013 1167 1078 omnis
1186 1013 1334 1095 arbitror,
1356 1034 1454 1096 qaam
1476 1018 1513 1077 444
1534 1035 1687 1097 coeperas,
1708 1034 1837 1078 manere
1858 1014 1948 1078 hano.

371 1114 496 1180 Heaut.
522 1114 580 1179 107
602 1131 653 1195 sq.
678 1112 717 1176 Si
735 1113 772 1176 iol
791 1134 858 1177 noa
876 1113 969 1197 facis,
990 1133 1043 1196 epo
1066 1113 1151 1196 qaod
1170 1133 1221 1176 mo
1240 1113 1278 1176 4η
1300 1118 1328 1177 te
1347 1114 1391 1176 344
1411 1113 1514 1197 facere
1536 1114 1673 1195 dignum
1695 1114 1859 1178 innorwro.

371 1214 453 1280 Hoc.
475 1216 537 1280 326
569 1213 694 1277 Perisse
722 1233 771 1276 me
800 1233 868 1276 arra
888 1214 980 1280 haud
1002 1214 1140 1280 dubium
1161 1216 1216 1276 434.
1245 1249 1277 1260 -
1302 1214 1403 1279 Ratio
1424 1215 1529 1279 verba
1550 1214 1639 1280 inter
1660 1232 1698 1280 se
1721 1215 1941 1281 connectendi
1963 1232 1984 1279 a

273 1314 344 1380 Ter.
367 1314 428 1380 hoc
457 1331 524 1380 uno
545 1314 617 1380 loco
640 1313 800 1395 adhibita,
823 1314 918 1379 cuius
941 1330 1099 1394 quaenam
1121 1330 1227 1380 causa
1248 1313 1350 1379 inerit
1372 1315 1523 1381 ordinem
1545 1315 1724 1380 verborum
1745 1316 1984 1380 observantem

272 1413 351 1480 licet
378 1414 571 1480 coniectura
600 1413 759 1479 invenire.
803 1412 932 1479 Ceteris
955 1413 1045 1479 enirn
1065 1413 1183 1480 locis¹l
1208 1450 1240 1460 -
1266 1412 1369 1479 haud
1392 1417 1489 1492 (non)
1512 1413 1672 1480 dubium
1696 1417 1762 1480 est
1783 1414 1828 1479 ibi
1849 1417 1983 1480 senten·

272 1515 357 1579 tiam
378 1514 594 1580 subiunctam
617 1513 789 1578 antecedit
815 1549 846 1559 -
872 1514 953 1593 quin
975 1512 1142 1595 particula
1157 1517 1322 1594 sequente
1337 1514 1550 1580 coniunctivo
1565 1513 1687 1594 legitur
1703 1531 1812 1595 neque
1826 1531 1982 1595 usquam,

273 1618 439 1694 quantum
459 1614 614 1694 equidem
637 1613 717 1694 scio,
740 1617 801 1678 aut
822 1613 971 1693 aequales
994 1613 1149 1680 Terentio
1171 1614 1354 1694 scriptores
1377 1617 1438 1679 aut
1459 1614 1586 1694 priores
1609 1614 1806 1679 accusativo
1827 1631 1905 1679 cum
1925 1612 1982 1679 inf.

273 1732 316 1780 ex
346 1712 536 1779 huiusmodi
567 1713 735 1779 locutione
767 1712 935 1794 pendente
961 1730 1043 1779 usos
1071 1730 1149 1780 esse
1175 1713 1338 1778 invenias.
1382 1713 1569 1779 Possumus
1591 1730 1671 1793 ergo
1692 1731 1759 1779 non
1782 1713 1855 1779 sine
1878 1729 1984 1778 causa

272 1814 438 1895 suspicari
459 1813 653 1879 Terentium
675 1812 830 1894 perisse
852 1829 912 1878 me
934 1813 1138 1879 scribentem
1160 1830 1226 1879 non
1248 1812 1336 1878 satis
1358 1830 1434 1893 quae
1449 1817 1672 1893 sequerentur
1687 1814 1792 1879 verba
1806 1813 1983 1893 statuisse,

272 1913 333 1979 sed
354 1913 389 1978 id
410 1912 519 1979 solum
540 1912 647 1978 fuisse
669 1913 904 1993 constitutum,
938 1916 977 1977 ut
999 1913 1188 1979 enuntiatio
1208 1912 1497 1979 confirmationem
1519 1913 1573 1979 vel
1595 1912 1665 1978 tale
1687 1912 1766 1993 quid
1789 1912 1983 1994 significans

273 2013 458 2079 accederet.
512 2012 578 2078 Sed
607 2012 743 2078 credere
769 2015 964 2094 promptum
986 2015 1041 2079 est
1062 2013 1151 2078 tuno
1173 2012 1360 2078 accusativi
1382 2029 1460 2078 cum
1482 2012 1538 2077 inf.
1562 2013 1719 2078 usumin
1741 2029 1931 2078 sermonem
1953 2013 1983 2076 si

272 2130 339 2179 non
361 2112 539 2193 eruditum,
563 2115 600 2177 at
621 2112 794 2192 vulgarem
815 2114 931 2178 tamen
953 2113 1022 2177 iam
1044 2115 1217 2194 receptum
1238 2110 1354 2178 fuisse.
1398 2112 1598 2193 superiorne
1620 2113 1668 2178 sit
1682 2112 1797 2179 ordine
1812 2112 1984 2178 sententia

273 2213 432 2295 primaria
454 2229 497 2276 an
520 2213 685 2291 posterior
706 2212 915 2293 negligentes
938 2228 1007 2278 acc.
1030 2211 1185 2277 cumini.
1209 2212 1268 2294 uti,
1291 2216 1331 2277 ut
1353 2213 1448 2277 aiunt
1469 2213 1531 2277 viri
1554 2212 1751 2294 doctissimi,
1773 2213 1870 2294 primi
1889 2211 1983 2277 insti·

273 2316 412 2379 tuenmt
434 2311 617 2392 scriptores
639 2313 853 2393 posteriores.

372 2411 476 2476 Andr.
499 2409 671 2476 56613414·
688 2411 906 2494 postulantia
926 2410 1000 2494 filia
1020 2410 1096 2493 fiori
1116 2416 1259 2492 granea.

373 2510 454 2577 Hec.
480 2512 539 2575 149
560 2527 633 2591 sqq.
669 2509 751 2574 Earn
783 2510 923 2574 4144444144
954 2509 1064 2574 haberi
1078 2560 1084 2573 .
1100 2560 1130 2573 ..
1152 2530 1252 2593 aeota
1277 2511 1457 2577 honestum
1483 2510 1567 2574 milri
1591 2531 1691 2593 aeqrae
1718 2511 1800 2577 utile
1821 2510 1888 2592 ipsi
1907 2509 1980 2571 air-

271 2609 344 2692 pim‘
364 2615 417 2673 434.

373 2710 454 2776 Hec.
477 2711 538 2775 552
560 2728 610 2791 sq.
635 2709 686 2773 Eo
705 2709 911 2774 dissinraloro
931 2730 991 2773 oros
1011 2709 1116 2792 inopis
1136 2710 1323 2775 humanum
1344 2713 1398 2771 434.

372 2809 476 2875 Andr.
499 2812 560 2876 977
582 2810 763 2892 Longuma
783 2810 880 2873 illam
900 2830 950 2873 mo
970 2814 1147 2892 easpeotmc
1167 2809 1246 2872 aum
1266 2812 1361 2872 43444.

373 2909 498 2975 Heaut.
520 2912 581 2976 387
612 2908 675 2974 Uos
695 2930 760 2974 esse
780 2910 878 2973 istius
898 2910 986 2973 modi
1006 2914 1034 2975 44
1054 2928 1114 2972 nos
1134 2928 1202 2972 aon
1222 2928 1286 2972 4334
1306 2908 1386 2972 haul
1407 2909 1596 2975 mirabilest.

374 3006 477 3074 Andr.
500 3011 561 3075 372
598 3009 700 3085 94434
731 3026 894 3077 necessus
925 3009 977 3090 344,
1003 3007 1130 3072 3411444
1150 3028 1218 3071 noa
1238 3008 1464 3089 (1444444144
1482 3028 1613 3071 4444443
1634 3008 1752 3071 dacae.
1795 3007 1878 3072 Eun.
1904 3007 1983 3071 1075

275 3106 403 3172 Necesse
423 3114 469 3172 434
489 3110 631 3173 maltum
651 3109 791 3193 campere
814 3109 971 3173 Thaidem.
1014 3109 1096 3175 Hec.
1119 3111 1182 3174 304
1202 3107 1362 3192 Mapoura
1383 3108 1488 3171 4443444
1509 3107 1590 3190 quid
1608 3127 1728 3170 4444334
1747 3111 1793 3171 434
1813 3105 1963 3169 4444414334.

374 3208 456 3275 Hec.
479 3212 538 3275 561
561 3209 709 3289 Aderam,
730 3210 824 3273 44443
845 3209 977 3273 canalio
997 3229 1034 3272 ea
1054 3226 1116 3290 par
1135 3208 1243 3289 ficerat
1259 3207 1412 3290 prospici.
1456 3209 1517 3273 739
1539 3205 1635 3269 Foras
1648 3206 1817 3290 saeternae
1830 3227 1870 3288 43,
1886 3204 1983 3268 bonas

272 3307 358 3388 qaod
372 3327 438 3390 par
457 3313 503 3371 asl
523 3309 633 3390 sonere
676 3312 737 3377 867
760 3327 810 3391 sq.
837 3308 924 3385 Quos
944 3308 1053 3392 ficarol
1070 3327 1136 3391 par
1155 3307 1326 3387 4434434444,
1346 3307 1463 3370 sciunt.

374 3407 505 3474 Phorm.
527 3410 587 3474 961
609 3408 652 3473 Id
670 3414 792 3473 nosrael
811 3409 955 3472 4414444444
975 3408 1172 3490 placabilius
1193 3411 1246 3470 434.
1289 3407 1353 3473 Ad.
1375 3409 1438 3473 608
1462 3405 1501 3469 To
1520 3407 1631 3489 ipsum
1641 3425 1783 3489 perporo
1797 3405 1864 3488 ipsi
1876 3424 1983 3467 eoram

271 3506 465 3589 placabilius
484 3511 537 3571 434.

374 3607 456 3673 Hec.
479 3609 541 3675 284
562 3625 612 3688 sq.
650 3608 778 3683 Qaarrlo
798 3607 906 3691 factal
926 3607 1155 3690 praestabilius
1175 3605 1451 3688 ruotpertum
1472 3626 1561 3690 opero
1581 3610 1706 3669 44444444
1727 3625 1826 3688 quom
1846 3605 1909 3668 tuo
1929 3625 1981 3667 re-

274 3705 343 3769 dire
363 3711 458 3789 alqrro
478 3707 544 3771 lraeo
563 3708 612 3771 444
632 3727 696 3770 4334
717 3707 872 3771 4443444114
893 3728 944 3771 me
962 3707 1145 3770 resciscere!

375 3807 439 3872 Ad.
462 3809 524 3872 920
545 3825 595 3888 sq.
617 3806 724 3870 Malta
744 3809 881 3874 rectiusl
903 3827 1002 3888 arram
1022 3806 1116 3870 illam
1132 3805 1410 3888 praeoperaretur
1430 3804 1622 3869 4411444444.

375 3906 499 3973 Hesus.
521 3909 583 3972 333
604 3907 792 3973 mnodum
814 3911 859 3971 est
882 3911 910 3970 o
930 3907 1014 3970 croc
1034 3927 1084 3969 me
1103 3895 1279 3969 anemio.

374 4005 592 4073 Ρ1101111.724
623 4005 699 4070 Non
727 4009 814 4073 satis
840 4011 885 4069 esl
906 4011 994 4069 tuom
1017 4011 1044 4069 44
1065 4005 1207 4088 officiam
1228 4006 1345 4087 [444334.
1374 4043 1405 4050 -
1430 4006 1512 4071 Eun.
1536 4006 1596 4070 772
1618 4002 1706 4066 Mori
1727 4022 1777 4066 nro
1797 4004 1908 4068 satius
1929 4006 1982 4065 434.

276 4105 400 4173 Heaut.
422 4108 485 4172 969
518 4104 630 4169 Salias
661 4111 706 4170 434
737 4127 836 4189 qaam
869 4111 897 4170 44
926 4107 998 4191 ipso
1029 4106 1137 4170 nerea
1163 4106 1230 4168 1444
1246 4105 1407 4189 possidere
1429 4104 1626 4168 manaem.
1669 4103 1751 4170 Hec.
1775 4104 1835 4168 730
1857 4101 1985 4185 11144444

276 4204 396 4285 sociam
422 4206 510 4288 piros,
541 4207 626 4287 qaod
641 4210 716 4289 post
736 4227 787 4269 mo
807 4206 918 4269 minas
938 4205 1049 4288 fecisse
1067 4205 1173 4270 344443
1192 4206 1243 4269 344.
1286 4206 1391 4272 Andr.
1414 4208 1474 4271 307
1499 4204 1624 4267 Sallust
1647 4208 1675 4266 44
1694 4203 1730 4265 44
1749 4203 1825 4266 dare
1845 4222 1982 4286 operam.

277 4303 342 4369 Ad.
364 4306 405 4370 29
425 4304 568 4369 1114444444
589 4325 625 4369 oa
645 4305 750 4369 salias
770 4310 823 4370 434.

377 4403 458 4471 Hoc.
484 4407 542 4471 154
564 4423 614 4486 sq.
638 4404 740 4469 Reddi
755 4405 848 4488 palrr‘
867 4409 976 4469 autem
1001 4406 1108 4488 (earn),
1129 4405 1184 4469 cai
1205 4410 1242 4469 la
1261 4404 1347 4469 nihil
1365 4404 1453 4468 atas
1474 4402 1547 4485 44444,
1568 4403 1750 4484 superbum
1771 4405 1826 4465 434.

377 4503 506 4571 Phorm.
528 4508 590 4571 913
615 4504 698 4568 Idam
719 4504 954 4570 1444444414ιά4
974 4507 1110 4588 turpat.

385 4755 405 4816 ¹)
430 4748 565 4818 Exempla
589 4757 655 4803 sunt
677 4750 748 4804 hoec:
775 4749 862 4802 Andr.
885 4749 934 4802 173
952 4747 1017 4801 Mra
1033 4748 1179 4815 rlzrtiirnrsl,
1198 4748 1267 4817 parit
1284 4764 1395 4801 oaorem
1412 4747 1480 4799 nolit
1497 4745 1583 4814 frlr'as.
1621 4746 1669 4798 391
1692 4761 1731 4814 sq.
1751 4743 1827 4796 Nam
1843 4743 1892 4796 lroo
1909 4743 1984 4796 14444

277 4838 422 4897 maneat,
442 4836 510 4905 arcia
532 4837 655 4891 Chronos
673 4839 725 4891 4404
741 4855 796 4891 non
814 4839 992 4905 (1449444441.
1030 4837 1083 4891 530
1102 4836 1185 4889 Horat
1200 4836 1338 4889 4145444434
1357 4835 1448 4888 milri.
1465 4875 1470 4886 .
1486 4875 1493 4888 .
1507 4833 1574 4903 qaia
1591 4875 1596 4886 .
1613 4874 1618 4883 .
1635 4833 1760 4901 ¹possim
1777 4848 1872 4900 copore.
1910 4830 1981 4883 Eun.

278 4928 329 4980 997
358 4926 421 4979 Noor
447 4925 584 4978 drobiamsl
611 4927 722 4993 pirr'n..
738 4926 797 4980 ,344
821 4927 933 4979 madon.
970 4924 1199 4978 Austoriani
1214 4924 1352 4976 (4441444134
1370 4923 1438 4991 quin
1456 4923 1545 4975 errrr'lll
1562 4938 1665 4990 (44144114
1683 4921 1750 4974 sisi..
1771 4952 1804 4959 —
1823 4919 1911 4973 Andr.
1930 4919 1981 4973 405

279 5022 343 5081 (non
362 5014 482 5078 (latitat,
501 5013 588 5083 quin.
605 5015 653 5077 ..l‚
673 5014 743 5067 Eun.
766 5014 833 5068 1043
852 5017 892 5074 (tu
912 5012 1033 5075 dubitas,
1052 5012 1119 5081 quin
1135 5052 1141 5064 .
1156 5053 1163 5064 .
1179 5012 1219 5079 fr).
